2206 3131
401 242 482 285 715
665 228 1107 289 ANTIQUIT.
1159 232 1408 280 MEDII
1454 234 1650 278 AEVI
1826 243 1913 291 716

393 337 666 373 ARAGONIA
703 338 740 376 &
779 342 1052 377 NAVARRA.

340 438 427 530 IN
473 438 598 476 Museo
645 439 866 491 Chiappinio
921 452 1101 491 argenteus

418 492 592 526 Nummus
614 492 743 532 exstat,
772 503 876 541 caput
898 495 1002 540 Regis
1024 506 1102 527 cum

341 540 577 589 Inscriptione
603 542 791 579 exhibens:
825 545 1103 578 FERDINAN-

344 593 439 627 DVS
467 618 663 628 ......
699 593 740 628 In
769 594 884 629 aversa
914 604 1008 641 parte
1037 595 1104 630 CI-

345 644 497 678 VITAS
526 644 865 679 BARCHINONA
882 671 890 680 .

392 695 556 729 Alterum
573 695 767 730 Nummum
785 704 984 744 argenteum
1001 693 1106 737 ,Mu-

343 742 440 779 tinae
477 743 636 780 adservat
674 758 780 792 nepos
825 759 919 781 meus
955 748 1105 790 Ioannes
1149 758 1176 792 Β

345 793 548 830 franciscus
576 794 617 830 de
647 796 759 840 Sohs,
803 794 840 832 ἃ
882 810 925 832 ex
962 806 1106 844 argento

346 858 385 880 ac
431 858 506 881 aere
553 843 745 882 conflatum
793 845 938 896 poffidet
981 847 1018 883 in
1046 846 1105 881 suo

344 895 470 931 Museo
517 897 781 934 Bertacchinius
806 925 815 934 .
861 896 1032 933 Cernitur
1068 897 1105 932 in

345 946 418 994 ejus
455 947 572 982 antici
608 947 740 996 insigne
780 962 858 985 cum
897 949 1010 984 literis
1038 947 1105 982 cir-

347 996 573 1033 cumduffls:
622 1001 922 1035 FERRANDVS
949 1024 1105 1035 .....

345 1049 489 1083 AVAR
518 1074 672 1085 .....
701 1050 783 1085 idest
820 1055 891 1085 Rex
917 1053 1105 1084 Navarrae.

345 1097 388 1133 In
417 1098 545 1144 postici
573 1101 721 1136 alterum
750 1100 881 1149 insigne
918 1113 995 1135 cum
1026 1100 1106 1133 lite-

345 1149 394 1184 ris
419 1148 573 1185 attritis.
603 1152 708 1186 Hunc
730 1152 770 1186 ad
794 1151 1049 1187 Ferdinandum
1064 1151 1108 1183 V.

349 1198 580 1235 catholicum
611 1201 811 1249 Aragoniae
842 1204 971 1249 Regem
1001 1199 1107 1246 perti·
1148 1208 1181 1243 G

348 1261 430 1284 nere
457 1250 605 1296 opinor.
649 1250 810 1286 Fortaffis
839 1250 874 1286 ὅ(
908 1249 1109 1298 praecedens

349 1300 527 1336 Nummus
554 1300 597 1336 ad
623 1300 737 1349 ipsum
766 1301 918 1349 specht.

496 1389 970 1438 ΒοὲΜῙΑ.

423 1554 484 1587 rici
516 1555 598 1588 Vll.
628 1554 770 1600 Augusti
802 1553 918 1592 films.
960 1552 997 1588 &
1036 1551 1108 1588 Ca-

355 1604 425 1637 roli
467 1604 526 1637 IV.
556 1604 699 1652 Augusti
732 1614 848 1647 pater.
892 1617 958 1638 non
999 1605 1113 1637 minus

353 1652 392 1687 in
421 1654 630 1688 Germanica
656 1653 691 1689 ὅ(
722 1655 881 1693 Gallici.
911 1655 1015 1701 quam
1043 1655 1107 1687 Ita-

350 1502 534 1607 JOannes
554 1502 719 1538 Bremiae
741 1506 813 1538 Rex
837 1503 991 1542 Primus,
1013 1503 1109 1537 Hen-

353 1702 423 1738 lic&
452 1702 605 1738 Historia
634 1717 798 1750 perquam
827 1705 971 1740 celebris
1008 1702 1114 1739 evafit
1153 1719 1186 1752 D

353 1753 478 1788 Seculo
516 1752 649 1789 Chnsti
694 1756 842 1790 Decimo
869 1764 1015 1802 quarte.
1057 1754 1113 1789 Ad

354 1816 433 1838 eum
488 1805 639 1850 pertinet
692 1807 865 1841 Nummus
911 1815 1114 1854 argenteus,

354 1854 536 1888 Bononiae
574 1854 771 1891 adservatus
799 1869 817 1890 a
846 1857 1114 1896 praeclariffimo

352 1903 566 1940 Marchione
602 1907 733 1948 Joanne
783 1908 891 1941 Paulo
933 1910 973 1942 de
1005 1908 1113 1953 Pepu-

354 1954 421 1990 lis.
453 1953 490 1989 In
519 1956 636 1991 antica
664 1956 786 1992 vifitur
812 1956 978 1999 Corona,
1015 1958 1047 1992 &
1082 1957 1115 1990 in

356 2003 491 2039 circulo
521 2005 649 2042 minori
679 2006 761 2042 haec
797 2008 1004 2055 epigraphe:
1048 2009 1113 2041 10-

351 2056 579 2091 HANNEs‘:
622 2059 828 2105 PRles;
869 2059 904 2092 in
949 2055 1116 2103 superiori

354 2109 440 2140 vero
468 2106 550 2141 haec
579 2109 708 2143 altera:
750 2110 857 2143 DEI:
888 2109 1113 2143 GRATIA:

355 2157 474 2190 REX:
518 2159 725 2193 ΒΟΕΜΙΕ.
778 2158 816 2194 [n
857 2158 982 2205 postica
1013 2161 1116 2201 Leo,
1155 2170 1184 2204 Ε

356 2218 436 2241 cum
457 2207 592 2243 literis:
618 2210 904 2245 PRAGENSIS:
932 2210 1116 2245 GROSSI.

442 2308 476 2343 C
504 2309 540 2344 H
569 2311 584 2344 Ι
612 2312 645 2345 O
697 2312 713 2346 1
742 2313 777 2346 N
805 2313 826 2346 S
856 2313 888 2347 U
915 2313 947 2348 L
975 2312 1032 2347 A.

441 2411 477 2444 St
497 2410 587 2446 mihi
607 2422 787 2460 argenteus
810 2415 1007 2452 Nummus,
1027 2411 1118 2448 mul-

466 2471 542 2506 tae,
573 2463 609 2498 ni
639 2464 727 2499 mihi
770 2464 954 2505 blandior,
995 2466 1115 2498 rarita-

359 2509 406 2544 tis
424 2537 432 2544 .
463 2511 500 2546 [n
528 2526 603 2548 area
631 2513 730 2549 Crux
760 2527 836 2548 cum
868 2514 1054 2560 epigraphe
1081 2514 1120 2548 in

364 2559 478 2601 limbo
505 2564 779 2602 CONRADVS
816 2565 912 2600 REX
943 2566 1120 2602 Romano-

1140 298 1175 332 A
1211 306 1308 329 rum.
1337 292 1378 330 In
1406 293 1645 351 aversa-parte
1673 293 1871 342 prospefi’ms
1901 297 1970 330 Ur-

1213 344 1264 378 bis
1292 343 1461 388 turritae,
1489 358 1545 380 cul
1573 346 1638 380 alis
1665 344 1812 381 extenfis
1833 345 1970 392 Aquila

1213 403 1377 430 coronata
1416 394 1675 442 supereminet.
1720 396 1875 431 Additur
1912 395 1972 431 In-

1212 443 1375 491 scriptio:
1416 447 1620 481 CIVITAS
1667 448 1795 482 CHII.
1840 448 1970 481 Rarum

1214 494 1368 539 profeffio
1396 495 1461 538 est,
1489 497 1526 530 in
1556 496 1709 531 Insulam
1737 495 1852 532 Chios
1875 495 1972 532 fuisse

1215 545 1264 591 jus
1310 546 1453 593 aliquod
1502 549 1739 581 Romanorum
1798 547 1972 589 Regibus,

1215 595 1281 630 sive
1310 595 1493 642 Augustis.
1534 595 1726 630 Percussum
1766 599 1848 631 vero
1876 595 1974 631 fuisse

1215 647 1305 681 hunc
1334 648 1529 681 Nummum
1560 645 1646 680 mihi
1679 645 1861 693 persuadeo
1896 649 1975 681 An-

1215 710 1260 731 no
1288 695 1420 730 Christi
1449 697 1679 731 MCXLVH.
1707 709 1777 743 quo
1801 695 1972 731 nimirum

1216 757 1372 794 tempore
1399 744 1584 781 conradus
1613 746 1683 789 IL,
1720 745 1774 781 seu
1816 746 1878 782 III.
1904 749 1976 781 Ro-

1216 810 1397 832 manorum
1428 798 1502 832 Rex
1544 796 1708 845 copioso,
1745 795 1799 832 sed
1837 794 1976 833 infelici

1216 848 1371 885 exercitu
1399 847 1661 894 expeditionem
1696 846 1822 882 sacram
1861 847 1896 882 in
1925 850 1977 882 0-

1216 899 1363 934 rientem
1393 897 1561 945 suscepit,
1598 897 1640 932 de
1676 911 1743 945 qua
1779 899 1870 932 Otto
1898 897 1976 932 Fri-

1216 948 1394 997 fingenfis,
1432 949 1563 995 aliique
1600 948 1672 993 ejus
1710 948 1878 995 temporis
1909 947 1978 983 Hi-

1216 999 1332 1035 storici
1374 998 1554 1046 scripsere.
1601 1000 1706 1034 Tunc
1752 1008 1811 1033 aut
1860 1007 1978 1043 erepta

1215 1050 1358 1085 Graecis
1386 1049 1430 1084 est
1457 1048 1593 1092 Chios,
1622 1058 1681 1083 aut
1709 1049 1860 1095 Populus
1883 1048 1977 1092 ipse,

1216 1100 1326 1147 quieti
1367 1112 1404 1134 ac
1444 1098 1621 1134 securitati
1663 1100 1822 1146 propriae
1854 1098 1978 1134 consu-

1216 1152 1312 1192 lem,
1339 1150 1461 1195 sponte
1489 1149 1520 1184 se
1547 1148 1642 1184 dedit
1664 1147 1853 1186 Conrado,
1873 1158 1978 1194 atque

1216 1201 1252 1235 in
1277 1200 1325 1235 rei
1355 1199 1561 1236 memoriam
1589 1199 1759 1248 percussus
1787 1198 1832 1235 est
1862 1201 1978 1236 Num-

1217 1263 1312 1285 mus.

1332 1351 1856 1387 CLARENTIA.

1296 1452 1484 1488 Lacentiae
1521 1451 1556 1487 in
1595 1451 1719 1488 Museo
1756 1449 1979 1500 Chiappinio

1318 1504 1445 1549 duplex
1490 1505 1664 1538 Nummus
1703 1502 1742 1537 2d
1783 1502 1981 1537 clarentium

1223 1553 1375 1600 speRans
1404 1552 1618 1588 adservatur.
1650 1553 1688 1589 In
1721 1552 1833 1598 primo
1859 1564 1981 1600 argen-

1221 1614 1277 1638 teo
1305 1604 1490 1639 exhihetur
1517 1605 1634 1639 eadem
1665 1602 1794 1648 figura,
1812 1615 1912 1650 >quae
1941 1603 1980 1637 in

1222 1656 1389 1690 Nummis
1416 1655 1594 1690 Ludovici
1625 1653 1737 1689 San&
1769 1656 1982 1688 Francorum

1225 1706 1349 1754 Regis,
1388 1706 1607 1752 aliorumque
1653 1705 1725 1751 ejus
1756 1704 1981 1740 successorum

1225 1764 1386 1803 apparet.
1425 1757 1487 1790 Per
1523 1769 1597 1790 eam
1627 1754 1811 1804 significari
1841 1767 1983 1797 compe-

1223 1807 1304 1841 dum
1335 1805 1504 1845 formam.
1534 1806 1659 1852 quibus
1688 1808 1723 1841 in
1754 1805 1875 1841 Africa
1898 1807 1982 1839 San-

1223 1857 1298 1892 &us
1348 1859 1419 1892 Rex
1459 1856 1662 1891 constriaus
1700 1855 1788 1896 fuit,
1833 1857 1981 1898 Joannes

1226 1908 1403 1942 Villanius
1440 1906 1619 1940 historicus
1658 1906 1880 1940 florentinus
1910 1916 1983 1939 me-

1225 1957 1355 1992 moriae
1377 1956 1552 1998 prodidit.
1585 1956 1662 1990 Alii
1693 1953 1983 2003 ichnographiam

1223 2006 1336 2043 Castri
1378 2005 1520 2041 Turriti
1559 2006 1635 2040 illic
1665 2007 1816 2053 exprimi
1845 2004 1983 2039 censue-

1225 2068 1324 2093 runt.
1368 2059 1453 2091 Rem
1492 2057 1527 2090 in
1568 2056 1683 2090 med³o
1726 2055 1869 2101 reliquit
1913 2056 1982 2090 Le-

1226 2110 1373 2143 Blancus
1402 2108 1438 2142 in
1467 2106 1637 2142 Trafflatu
1665 2106 1842 2142 Historico
1867 2108 1983 2141 Num-

1226 2172 1361 2194 morum
1406 2157 1673 2193 francicorum.
1720 2160 1773 2191 At
1800 2155 1982 2191 secundam

1225 2210 1428 2256 opinionem
1448 2209 1595 2244 minime
1611 2207 1885 2252 ample&endam
1906 2218 1983 2243 pro-

1224 2259 1329 2302 dent,
1370 2272 1458 2307 quae
1507 2257 1594 2294 infra
1644 2258 1847 2305 subjiciam.
1889 2253 1981 2291 Illud

1225 2309 1441 2358 perspicuum
1470 2309 1538 2348 est,
1566 2308 1785 2344 Turonenses
1808 2309 1982 2342 Nummos

1223 2370 1306 2396 tunc
1342 2360 1459 2396 eadem
1497 2360 1606 2409 figura
1642 2358 1822 2406 insignitos
1860 2354 1979 2394 fuisse,

1222 2425 1368 2460 eamque
1404 2411 1464 2447 diu
1505 2410 1701 2446 retinuisse.
1745 2409 1781 2441 ln
1823 2408 1982 2442 Nummo

1225 2463 1340 2499 nostro
1367 2461 1602 2498 circumducta
1646 2457 1777 2505 legitur
1812 2457 1894 2492 haec
1922 2455 1983 2491 In-

1227 2514 1392 2557 scriptio:
1450 2513 1511 2546 DE
1560 2509 1886 2544 CLARENTIA.
1941 2508 1981 2542 In

1226 2563 1354 2613 postica.
1379 2560 1535 2597 cernitur
1561 2558 1689 2599 Crux,
1719 2559 1849 2596 circum
1869 2568 1984 2642 ἒυειηι

1882 2620 1932 2643 iae

2204 175 2206 183 -
2204 107 2206 109 .
2197 0 2206 50 με·
