2206 3131
193 182 248 227 33
414 169 417 171 ·
465 168 841 213 DISSERTATJO
882 167 1155 213 VJGESJMA
1163 169 1454 226 Qum-cm.
1663 184 1722 233 34

136 236 175 266 ut
203 231 239 266 in
269 228 618 278 Italia.)³meliores2
649 229 731 266 ideo
759 229 900 266 istarum
941 233 975 267 A
1015 228 1192 265 interdum
1231 228 1346 264 dissus
1381 228 1510 268 luerit,

136 292 308 316 mercium
335 280 486 316 fabricae
512 280 551 315 in
566 280 722 316 ‘Oriente
742 280 804 316 diu
828 294 903 328 per-

136 331 325 368 durarunt.
367 332 434 366 vel
464 331 536 379 post
571 333 717 367 Annum
745 346 764 368 a
791 330 902 369 Chri-

134 381 183 418 sto
211 392 295 418 nato
325 381 579 424 Millefimum,
624 383 693 419 hoc
720 383 765 418 est
797 387 903 419 Anno

133 434 277 469 Mxlx.
306 432 532 470 Theobaldus
555 434 675 470 Abbas
696 433 814 470 Sanffi
837 434 902 471 Li-

135 483 305 520 beratoris
333 485 502 524 Teatini,
531 495 569 521 ut
597 485 728 521 constat
751 498 770 521 e
790 485 902 522 Char-

137 544 174 570 ta
200 533 291 570 infra
319 534 410 571 mihi
437 535 568 572 edenda
585 536 626 572 in
654 537 904 573 Differtatione

133 587 239 623 LVI.
266 590 305 620 de
332 587 527 634 Religione,
556 587 650 624 inter
677 587 768 624 sacra
796 588 904 624 dona—

139 636 190 673 ria
219 647 401 673 enumerat
426 645 488 673 auo
513 639 705 681 Cercitoria,
747 640 791 673 (9⁶
824 643 903 674 Coo-

136 687 276 735 pertoria
300 699 385 731 tres,
410 689 508 732 serica
531 690 903 733 constantinopolitana.

140 737 235 773 Infra
276 748 450 775 memorat
498 743 560 774 duo
600 741 771 775 Cercitoria
805 742 904 785 serica

138 788 320 832 Africana.
362 790 422 824 Ab
449 803 491 825 eo
518 803 658 838 quoque
685 790 904 827 recensentur

139 843 201 875 duo
228 843 481 888 Scaramangae,
508 854 572 876 una
598 844 798 882 diarodona,
835 841 903 878 sive

139 891 367 930 wadamirus,
407 891 490 927 idest
526 891 615 928 rosei
658 893 814 933 coloris,
857 893 902 931 &J

141 954 206 976 una
243 952 399 988 purpurea
422 968 432 978 .
488 944 572 978 Erat
613 944 646 977 ὃ(
687 947 902 990 scaramanga

142 992 246 1038 panni
278 991 414 1040 species*
432 992 566 1037 exteri,
611 993 701 1029 unde
739 995 903 1029 Planetae

139 1041 253 1078 sacrae
282 1042 583 1079 conficiebantur.
620 1043 764 1079 Graecis
801 1043 902 1079 ufita—

139 1101 216 1128 tum
254 1091 375 1136 fuisse,
420 1095 660 1142 Liutprandus
705 1094 903 1130 Ticinenfis

101 1187 112 1193 ᾖ
139 1142 223 1179 satis
266 1144 412 1191 prodit.
455 1144 509 1180 Ita
551 1147 672 1182 Leone
709 1145 904 1181 Marficano

143 1194 225 1230 teste
254 1195 335 1230 Lib.
358 1206 390 1242 3.
416 1194 506 1244 Cap.
533 1199 589 1242 58.
610 1196 778 1233 Chronic.
810 1196 902 1233 Casi-

140 1244 235 1280 nens.
283 1247 455 1282 Robertus
497 1246 707 1283 Guiscardus
751 1249 905 1296 Apuliae

143 1297 227 1331 Dux
256 1295 471 1332 Monasterio
498 1297 671 1333 Cafinenfi
694 1298 786 1333 dono
807 1299 904 1333 dedit

139 1347 279 1381 tunicam
319 1360 415 1381 unam
449 1350 488 1381 de
528 1358 633 1391 panno
675 1349 787 1390 Persa,
827 1350 905 1382 duas

142 1397 278 1430 cortinas
305 1396 488 1432 Arabicas.
517 1399 562 1432 Et
590 1396 680 1444 Cap.
700 1401 760 1445 98.
779 1398 906 1434 Lib.2.

141 1445 334 1493 Episcoous
362 1446 575 1482 Marficanus
613 1449 749 1483 obtulit
789 1449 905 1483 Plane·-

139 1506 207 1530 tam
235 1496 527 1543 scaramanginam.
569 1497 672 1532 Alibi
717 1498 905 1545 deprehen—

137 1546 197 1582 des
221 1548 360 1582 tunicam
378 1547 555 1590 diapistin,
582 1559 703 1592 pannos
724 1548 906 1592 triblanos,

140 1595 207 1632 hoc
239 1596 283 1633 est
311 1597 447 1644 triplici
476 1597 630 1634 tinffiura
658 1600 797 1634 Blattae
818 1599 906 1635 infe-

140 1647 217 1683 &os
235 1675 245 1691 ‚
273 1656 313 1683 ut
340 1647 476 1696 reliqua
502 1649 691 1685 omittam:
723 1663 810 1697 quae
830 1663 905 1685 orn-

142 1698 201 1734 nia
229 1697 311 1734 satis
340 1698 496 1735 indicare
535 1700 699 1736 videntur
735 1700 905 1749 ejusmodi

142 1758 203 1785 aut
231 1750 329 1784 lanae
357 1759 418 1785 aut
445 1749 544 1785 serici
591 1751 735 1798 opificia
764 1765 782 1786 e
813 1765 905 1800 pere-

142 1799 253 1848 grinis
280 1799 435 1836 officinis
455 1801 491 1836 in
512 1801 654 1838 Italiam
683 1801 782 1837 fuisse
802 1803 905 1838 adve—

141 1850 219 1886 ssa.
261 1852 383 1899 Atque
426 1851 504 1887 heic
555 1853 724 1901 majorem
767 1854 905 1901 copiam

141 1901 353 1938 eruditionis
394 1903 561 1950 optassem
609 1904 646 1939 in
688 1905 829 1952 Angelo
865 1905 907 1939 de

144 1954 267 1996 Nuce,
295 1953 356 2000 qui
385 1952 420 1988 in
450 1952 695 1990 Commentar.
720 1956 759 1990 ad
789 1953 905 1990 Chro—

143 2002 250 2037 nicon
300 2002 485 2039 Cafinense
536 2006 668 2041 Leonis
718 2003 904 2040 Marficani

131 2053 225 2088 Lib.
250 2064 282 2099 3.
311 2053 401 2099 Cap.
426 2065 484 2089 20.
506 2056 626 2089 Tomo
650 2058 710 2090 1V.
735 2066 906 2103 pag.430.

146 2105 224 2138 Rer.
265 2103 468 2139 Italicarum
507 2104 653 2140 scribit:
699 2105 758 2146 Εβ
808 2106 908 2152 igitur

142 2154 262 2189 Blatta
289 2155 501 2196 vermiculus,
529 2156 625 2189 libros
652 2155 698 2194 &³
720 2155 819 2197 vestes
843 2169 906 2190 ero-

142 2206 247 2239 dens:
275 2206 317 2237 ἴθ’
344 2205 419 2251 quia
446 2205 561 2239 Blatta
587 2207 776 2251 apprehen&
805 2206 907 2250 inficit

144 2269 271 2290 manum
300 2255 432 2289 hominis
458 2258 549 2290 rubro
568 2258 683 2299 colore,
710 2257 780 2291 binc
810 2260 906 2292 Blat-

141 2316 177 2341 ια
213 2307 336 2342 ἄὶίῖιυη
371 2306 540 2353 exquisitae
580 2311 742 2350 Purpurae
787 2321 917 2355 genus:

140 2359 216 2400 Jarn
267 2357 360 2392 inter
410 2369 532 2392 omnes
573 2357 706 2402 constat
728 2386 739 2402 ,
788 2371 903 2393 veram

142 2410 320 2453 Purpuram
358 2421 400 2442 ex
442 2408 665 2444 Concharum
709 2408 906 2444 maritima—

142 2471 218 2495 rum
258 2460 357 2493 vario
397 2457 560 2506 sanguine
599 2458 697 2494 fuiffe
725 2469 878 2507 paratam
898 2486 906 2494 .

145 2509 281 2544 Deinde
309 2510 458 2543 Blatteus
487 2511 585 2545 color
602 2533 612 2549 ‚
639 2508 699 2545 etsi
726 2514 905 2555 Purpureus

245 2564 334 2596 Tom.
363 2562 400 2595 V.

1554 242 1696 278 proprio
1724 238 1778 263 ta—

1016 292 1095 314 men
1132 281 1278 315 nomine
1319 280 1560 328 appellabatur
1586 281 1777 324 Coccineus,

1015 343 1109 366 nunc
1145 330 1319 374 Chermisi,
1362 332 1396 366 &
1438 330 1629 370 Cremest'no.
1670 333 1778 366 Porro

1014 382 1163 417 omnino
1189 380 1338 421 falsum,
1366 382 1513 417 Blattam
1530 408 1540 425 ,
1577 381 1675 429 cujus
1703 381 1781 416 san-

1014 433 1120 480 guine
1162 432 1268 481 panni
1305 431 1554 468 inficiebantur
1582 434 1700 476 olim,
1740 430 1779 468 &

1015 483 1127 519 adhuc
1152 482 1391 523 inficiuntur,
1419 484 1577 520 eumdem
1608 482 1672 519 effe
1701 495 1780 518 ver-

1016 535 1211 578 miculum,
1253 536 1315 582 qui
1356 535 1399 570 ab
1441 536 1520 576 aliis
1562 535 1680 570 Terede
1719 541 1778 569 aut

1015 587 1119 621 Tinea
1138 586 1355 634 appellatur.
1385 585 1532 634 Decepti
1553 584 1685 624 etiam,
1716 583 1779 632 qui

1013 637 1219 672 vermiculum
1231 639 1415 684 Bombycem
1432 637 1654 672 intellexerunt
1665 663 1674 680 ‚
1690 635 1780 680 cujus

1014 698 1100 722 textu
1139 688 1239 731 vestes
1270 688 1387 732 sericae
1422 687 1659 732 conficerentur.
1706 688 1777 721 Ro-

1014 739 1131 774 bertus
1172 738 1388 786 Stephanus,
1436 738 1600 778 Voffius‚
1644 737 1779 785 aliique

1014 803 1084 824 non
1113 789 1215 839 pauci
1244 791 1337 826 inter
1366 800 1497 826 veteres
1528 790 1668 838 Angelo
1699 790 1778 824 Nu—

1013 853 1075 876 ceo
1121 841 1268 876 caussam
1308 841 1433 877 erroris
1480 841 1627 876 dedere.
1672 841 1778 875 Nunc

1013 892 1106 927 inter
1141 891 1309 928 Eruditos
1346 892 1498 931 constat,
1537 892 1685 926 Blattam
1721 890 1778 925 in—

1013 941 1094 978 [effi
1137 955 1244 991 genus
1281 944 1367 983 esse,
1403 944 1548 977 Chermes
1591 955 1608 976 a
1639 942 1776 987 Populo

1013 994 1170 1027 Arabum
1200 994 1414 1041 appellatum
1433 1020 1444 1035 ,
1485 992 1578 1039 quod
1607 1005 1649 1027 ex
1678 991 1778 1027 Ilicis

1011 1044 1187 1079 aculeatae
1209 1044 1524 1092 cocciglandiferae
1545 1043 1661 1091 granis
1677 1070 1687 1086 ‚
1709 1041 1778 1076 five

1012 1095 1152 1138 Cocco,
1181 1095 1363 1137 educitur,
1401 1108 1439 1130 ac
1482 1095 1562 1129 inde
1591 1094 1690 1128 illius
1719 1106 1778 1128 co·-

969 1175 977 1186 ,
1012 1147 1085 1180 lore
1112 1146 1190 1180 lana
1219 1145 1391 1195 tingitur.
1430 1147 1507 1181 Hac
1545 1144 1586 1179 de
1623 1158 1658 1180 re
1699 1144 1779 1179 Disn

977 1199 978 1204 ’
1014 1195 1238 1232 ferrationem
1286 1197 1463 1246 egregiam
1504 1195 1618 1231 edidit
1658 1195 1779 1231 Ferdi-

1013 1247 1145 1282 nandus
1173 1246 1352 1283 Marfilius
1380 1247 1513 1283 Comes
1542 1249 1586 1280 V.
1626 1248 1683 1281 Cl.
1710 1247 1779 1280 Bo-

1014 1297 1210 1332 nonienfis.
1239 1299 1337 1333 Hinc
1366 1307 1446 1333 nata
1476 1311 1544 1332 vox
1586 1296 1777 1343 Vermiglio.

1015 1348 1241 1382 Vermiculatus
1286 1348 1379 1383 idem
1429 1347 1645 1396 significabat
1686 1346 1775 1394 apud

1014 1398 1204 1446 Scriptores
1247 1398 1356 1434 medii
1397 1400 1500 1434 aevi.
1542 1401 1661 1444 Quum
1693 1400 1776 1433 verb

1017 1447 1112 1495 supra
1140 1449 1336 1484 occurrerit
1362 1450 1582 1492 Triblattum,
1620 1448 1780 1483 diffimu-

1014 1499 1083 1533 lare
1111 1499 1217 1538 nolo,
1248 1499 1353 1534 aliam
1385 1498 1483 1535 vocis
1511 1499 1779 1546 interpretatio-

1015 1561 1092 1583 nem
1131 1548 1243 1585 videri
1295 1550 1384 1597 apud
1424 1552 1564 1585 Petrum
1609 1548 1778 1585 Damiani

1017 1599 1095 1634 Lib.
1125 1613 1159 1646 4.
1196 1599 1299 1648 Epist.
1331 1613 1366 1647 7.
1403 1601 1464 1648 qui
1503 1600 1586 1636 haec
1629 1600 1775 1636 scribit:

947 1663 978 1696 D
1016 1652 1159 1696 Quidam
1187 1652 1376 1695 Rodulphus
1412 1652 1491 1685 mihi
1518 1652 1662 1686 Pallimn
1689 1665 1780 1685 reve-

1015 1711 1114 1734 renter
1149 1700 1292 1741 obtulit,
1335 1705 1417 1749 quod
1460 1703 1649 1737 'Iriblatbon
1687 1702 1781 1744 iuxta

1008 1751 1062 1795 sui
1084 1752 1210 1798 generis
1241 1752 1372 1798 speciem
1408 1763 1625 1797 nuncupatur.
1667 1753 1780 1788 Trium

1014 1802 1127 1848 quippe
1162 1803 1294 1836 colorum
1329 1803 1391 1847 est,
1433 1803 1478 1841 &
1516 1805 1656 1838 Blathon
1699 1804 1779 1838 Pal-

1012 1853 1092 1886 lium
1118 1852 1258 1887 dicitur:
1299 1855 1380 1887 uncle
1409 1854 1597 1889 Triblathon
1637 1855 1779 1889 Palliuno

1014 1913 1171 1947 vocatur,
1208 1905 1290 1949 quod
1316 1905 1412 1938 trium
1447 1916 1583 1939 cernttur
1618 1903 1674 1949 effe
1699 1906 1779 1939 colo-

1015 1966 1101 1988 rum.
1149 1955 1279 1990 Verum
1299 1979 1308 1994 ,
1355 1955 1416 1990 nifi
1464 1955 1548 1990 istud
1600 1956 1778 1992 Glossema

1015 2002 1077 2047 fit,
1106 2003 1136 2039 is
1163 2005 1254 2040 mihi
1282 2005 1444 2054 deceptus
1473 2007 1509 2042 in
1531 2006 1700 2054 ejusmodi
1722 2007 1780 2042 in-

1014 2055 1267 2103 terpretatione
1304 2057 1457 2092 creditur
1481 2084 1490 2092 .
1538 2056 1613 2103 Ipse
1663 2057 1778 2101 alibi,

1015 2105 1081 2140 hoc
1109 2105 1216 2141 est'in
1246 2106 1411 2150 opuscul.
1434 2119 1493 2154 31.
1517 2108 1603 2153 Cap.
1630 2110 1664 2144 6.
1695 2107 1779 2143 scri-

1015 2157 1088 2191 bit:
1120 2158 1253 2203 Regalis
1282 2158 1386 2204 itaque
1413 2161 1579 2204 Purpura,
1607 2159 1683 2206 quia
1702 2159 1779 2192 uni.

1013 2207 1091 2240 color
1117 2207 1178 2248 est,
1205 2208 1440 2253 viltpcnditur.
1477 2210 1589 2244 Pallia
1624 2212 1698 2244 -ιένὸ
1723 2210 1777 2243 di—

1012 2257 1106 2298 versis
1130 2258 1242 2302 fucata
1269 2258 1448 2302 nitoribus,
1489 2262 1532 2294 ad
1552 2260 1702 2306 sublimis
1730 2261 1777 2295 le-

1012 2307 1092 2342 c‘luli
1118 2313 1311 2352 deputantur
1337 2320 1501 2346 ornatum.

1063 2360 1179 2404 Quem
1217 2361 1300 2394 vero
1337 2360 1373 2395 in
1413 2360 1508 2396 usum
1547 2361 1776 2397 adscisceren-

1012 2418 1070 2444 tur
1111 2408 1279 2456 pretiosae
1317 2411 1486 2459 ejusmodi
1529 2425 1680 2455 merces,
1719 2411 1775 2446 in-

1013 2459 1222 2507 quirendum
1261 2473 1351 2496 nunc
1389 2462 1507 2497 restat.
1546 2464 1647 2507 Quae
1683 2462 1775 2497 telae

1012 2522 1055 2545 ex
1093 2523 1197 2550 auro,
1236 2511 1360 2547 aliisve
1395 2513 1647 2562 praerogativis
1690 2511 1773 2547 infi-

1127 2560 1162 2596 L
1637 2575 1720 2612 gnes
