2206 3131
489 214 537 253 31
780 200 1211 260 ANTIQUJT.
1262 200 1500 246 MEDII
1538 201 1719 246 AEVI
1955 220 2003 259 32

427 254 518 291 lium
547 252 692 294 Sanst'ae
718 257 832 303 Iuliae
859 259 973 296 astum
1004 261 1122 296 fuiffe.
1152 262 1191 296 In
1233 261 1262 297 A
1307 274 1430 298 vocem
1467 261 1674 310 usurparunt
1718 262 1752 298 8<
1793 259 1919 297 Graeci
1956 263 2065 301 medii

425 304 471 340 iis
501 321 519 342 a
548 322 603 344 me
630 308 822 356 deperditis
851 311 998 345 memini
1037 311 1191 347 mentio-

427 369 508 393 nem
536 358 663 395 faEtam
692 360 734 394 de
761 360 864 395 Blata
890 362 1051 405 Melella,
1089 364 1122 397 &
1151 363 1191 398 de

426 410 529 445 Blata
568 411 675 455 lusca.
718 411 807 446 Sunt
847 411 1017 459 ejusmodi
1047 414 1191 449 nomina

427 471 499 495 non
542 474 649 509 pauca
691 460 728 495 in
771 463 940 497 Veterum
984 476 1190 500 monumen-

426 510 500 550 tis,
529 524 616 558 quae
644 524 735 546 nunc
763 511 911 548 difficile
949 514 1190 561 explicentur.

425 561 467 596 In
495 562 602 597 Msto
629 560 766 598 Codice
807 562 1062 599 Mediolanenfi
1093 565 1190 601 addi-

425 621 504 647 tum
533 611 608 647 vidi
652 612 690 648 in
733 612 802 648 fine
830 617 934 649 Breve
971 616 1191 650 recordationir

425 675 532 697 earum
559 675 658 697 rerum
673 687 683 702 ,
710 676 788 710 quas
813 665 1010 700 venerabilis
1039 671 1088 702 A.
1115 669 1188 702 Urb.

425 712 548 758 (idest
582 714 781 759 Apostolicus
825 718 998 756 Urbanus,
1052 716 1189 752 scilicet

424 763 572 799 Tertius
598 765 672 812 ejus
693 765 848 801 nominis
871 768 961 813 Papa
982 766 1085 803 Civis
1108 767 1187 803 Me*

424 813 665 863 diolanenfis)
701 816 836 851 donavit
865 818 1097 858 Mediolanensi
1126 821 1188 853 E:-

424 864 530 906 clefie.
573 868 610 900 ln
651 867 765 910 primis
801 868 921 902 Altari
957 869 1124 903 Planetara
1151 871 1189 903 de

424 928 510 957 coco,
537 915 583 954 &¹
611 917 741 952 waliam
768 931 834 953 cum
856 918 954 961 frisio
981 920 1048 954 &a
1078 920 1114 954 Id
1136 919 1187 955 fa-

424 965 522 1001 &um
550 967 683 1003 dicitur
708 972 810 1003 Anno
832 969 1015 1004 Dominicae
1038 972 1188 1004 Incurva-

425 1017 523 1050 tt'onis
559 1021 814 1053 MCLXXXVI.
853 1020 964 1062 Mense
1004 1021 1188 1065 Decembri,

424 1069 565 1102 Secundo
592 1068 802 1112 Pontificatus
823 1069 895 1113 sui.
927 1071 1030 1105 Nunc
1058 1070 1161 1106 doleo
1178 1099 1188 1113 ‚

423 1130 482 1154 me
510 1130 623 1154 cetera
650 1132 721 1154 non
749 1118 979 1168 descripsisse.
1021 1120 1085 1156 Uti
1115 1121 1188 1157 veri

425 1168 569 1205 videtur
596 1169 732 1210 simile,
769 1169 940 1218 ejusmodi
979 1184 1109 1219 pannos
1137 1173 1188 1207 al-

423 1227 539 1255 terum
568 1221 611 1256 ab
648 1223 759 1256 altero
786 1221 1019 1269 distinguebat
1047 1231 1106 1258 aut
1135 1222 1188 1258 di-

423 1270 521 1305 versa
549 1280 690 1306 textura
708 1298 718 1314 ‚
746 1279 806 1306 aut
833 1271 967 1307 diverla
996 1272 1157 1308 materies
1177 1301 1187 1317 ,

423 1328 484 1356 aut
523 1320 654 1355 coloris
690 1320 890 1357 diversitas.
932 1325 1013 1357 Vox
1057 1326 1188 1369 Drappo

424 1370 514 1419 apud
558 1383 619 1406 nos
658 1384 720 1418 pro
763 1384 877 1419 panno
907 1371 1053 1415 usitata,
1095 1374 1185 1408 anti-

423 1420 586 1470 quiffima
615 1420 681 1462 est,
710 1421 850 1469 ejusque
879 1422 1013 1457 mentio
1032 1422 1185 1458 occurrit

421 1472 461 1510 in
489 1472 645 1521 Legibus
682 1473 838 1519 antiquis
876 1473 1154 1508 Alamannorum
1174 1501 1184 1518 ‚

421 1521 461 1559 &
498 1524 588 1570 apud
631 1521 873 1565 Marculfum,
902 1522 1057 1569 aliosque
1085 1534 1183 1559 vetu—

419 1573 486 1608 stos
513 1572 725 1624 Scriptores„
761 1574 878 1608 Tanta
907 1582 1022 1609 autem
1052 1586 1183 1619 panno-

422 1637 501 1660 rum
530 1637 568 1659 ac
597 1625 745 1659 telarum
774 1622 957 1659 sericarum
986 1624 1108 1672 copia,
1145 1624 1181 1660 in

419 1674 550 1721 quibus
578 1687 689 1722 neque
717 1673 918 1710 industriam
957 1688 1067 1722 neque
1094 1688 1181 1722 opu-

421 1725 568 1761 lentiam
597 1724 761 1761 defideres
778 1752 787 1768 ‚
815 1724 905 1760 unde
932 1725 1020 1760 olim
1051 1736 1178 1773 petere-

417 1783 497 1818 tur,
538 1777 571 1811 δε
610 1789 681 1823 quo
717 1785 874 1824 tempore
900 1789 1021 1812 eorum
1049 1775 1180 1812 fabrica

414 1825 457 1862 in
486 1826 627 1862 Italiam
656 1825 794 1862 invecta
823 1825 950 1868 fuerit,
988 1827 1057 1873 jam
1086 1826 1177 1862 vidi·

418 1889 496 1912 mus
526 1904 537 1921 ,
579 1889 777 1925 quanquam
824 1889 895 1911 non
945 1875 1034 1912 mihi
1075 1875 1178 1912 facile

416 1927 661 1976 persuadeam,
689 1926 845 1962 socordes
873 1926 958 1962 adeo
985 1926 1083 1962 fuisse
1101 1955 1109 1969 ,
1138 1941 1175 1964 ac

416 1977 504 2013 lucri
532 1991 571 2013 ac
599 1977 650 2013 sui
676 1978 810 2013 oblitos
836 1986 994 2012 veterum
1031 1977 1176 2013 Italico-

415 2041 490 2064 rum
521 2027 679 2072 animos,
708 2038 747 2063 ut
774 2027 871 2063 nulla
898 2027 991 2063 inter
1015 2027 1105 2075 ipsos
1127 2027 1175 2063 se-

415 2078 565 2114 ricarum
603 2078 725 2114 saltem
771 2077 982 2127 {implicium
1024 2079 1173 2113 telarum

415 2127 560 2165 officina
599 2137 836 2164 numeraretur
873 2127 977 2176 usque
1013 2128 1053 2163 ad
1099 2131 1171 2164 An-

415 2191 499 2215 num
542 2178 672 2215 Christi
712 2181 961 2215 MCXLVIH.
1002 2181 1172 2214 Attamen

414 2230 449 2264 δ(
477 2242 542 2279 ego
568 2228 673 2264 facile
700 2229 870 2277 agnosco,
921 2228 1101 2277 plerosque
1128 2243 1171 2265 ex

412 2278 459 2316 iis
497 2279 619 2326 pannis
656 2292 694 2314 ac
736 2279 839 2319 telis,
886 2292 924 2315 ac
972 2280 1170 2328 praesertim

413 2329 655 2377 pretiosiores,
684 2329 771 2376 apud
798 2331 949 2365 Graecos
976 2331 1010 2365 &
1038 2331 1170 2366 Arabes

412 2380 450 2415 in
488 2380 635 2415 Oriente
676 2378 864 2414 fabricatos
902 2379 1022 2428 fuisse-3
1067 2391 1170 2428 atque

411 2429 494 2466 inde
531 2430 568 2465 in
605 2429 745 2466 Italiam
775 2429 956 2465 adveems.
1001 2433 1086 2466 Rern
1115 2432 1167 2466 in—

410 2480 531 2515 dicant
558 2480 631 2528 ipsa
659 2493 778 2515 eorum
807 2493 977 2524 nomina,
1007 2482 1168 2529 pleraque

410 2532 564 2568 Graecae
578 2529 728 2580 originis
739 2557 750 2576 ,
766 2539 805 2567 ut
818 2529 1048 2579 Chrygl'oclava,
1063 2545 1167 2580 quam

1304 313 1405 357 aevi,
1432 314 1538 347 velum
1565 313 1777 358 holosericum,
1804 312 1879 347 vela
1904 312 1943 345 de
1972 313 2065 355 Rufi·

1303 364 1399 407 lisci,
1437 364 1611 408 fundatum
1650 364 1824 400 alithinum
1846 388 1856 403 ‚
1900 363 1933 397 8(
1976 363 2065 400 alia.

1305 415 1442 450 Locum
1471 415 1578 450 etiam
1617 413 1768 450 fabricae
1807 413 1952 449 nomina
1994 413 2068 461 ipsa

1305 465 1480 500 interdurn
1511 466 1703 513 prodebant
1720 494 1730 507 ,
1759 465 1812 501 uti
1839 466 1915 499 vela
1941 465 2065 511 Tyria,

1305 517 1498 559 Byzantea,
1537 528 1662 562 pannus
1702 516 1949 551 Alexandrinus
1990 514 2064 553 ὡς.

1304 566 1502 600 Occurrunt
1545 568 1578 600 ὅ(
1616 567 1704 614 apud
1749 564 1964 602 Anastafium
1992 566 2068 600 vela

1303 617 1341 648 de
1368 615 1536 661 Spanifto‚
1573 629 1661 663 quae
1697 616 1870 664 asportata
1908 626 2064 665 puto-ex

1307 665 1499 713 Hispania,
1528 666 1587 701 ubi
1618 669 1750 703 Arabes
1770 668 2064 711 dominabantur,

1305 714 1343 751 δε
1374 716 1495 764 pannis
1523 717 1712 752 condendis
1738 731 1879 764 operam
1916 717 2065 753 dabant.

1305 769 1394 802 Otto
1442 766 1661 815 Frifingensis
1704 769 1785 804 Lib.
1813 781 1845 803 2.
1888 769 1974 814 Cap.
2006 779 2061 815 13.

1305 817 1346 852 de
1382 817 1471 853 Gest.
1507 818 1677 854 Friderici
1715 819 1741 854 Ι.
1780 818 1907 855 veniffe
1943 818 2065 853 scribit

1306 869 1345 902 ad
1375 868 1520 903 Curiam
1563 870 1786 913 Imperatoris
1828 869 1927 904 illius
1956 870 2063 904 Anno

1304 918 1435 954 Christi
1465 920 1641 955 MCLIV.
1669 924 1800 965 Legatos
1827 919 2063 963 Junuensium,

1305 969 1359 1015 qui
1386 983 1444 1003 non
1472 969 1562 1013 longe
1597 980 1671 1005 ante
1710 971 1782 1004 haec
1809 970 1878 1014 ipsa
1903 981 2063 1016 tempora,

1303 1020 1404 1063 captis
1432 1020 1464 1053 in
1493 1020 1653 1066 Hispanid
1681 1021 1809 1064 inclytis
1837 1021 2063 1058 Civitatibus,

1304 1069 1350 1107 εἴ)
1379 1070 1411 1103 in
1439 1071 1609 1104 Sericorum
1633 1082 1807 1117 pannorum
1830 1070 1951 1116 opificio
1973 1081 2063 1115 prae-

1303 1120 1523 1165 nobilffmis,
1565 1121 1720 1156 Almarr‘a
1771 1121 1817 1158 ό*
1868 1121 2062 1163 Ulixibona,

1301 1173 1522 1205 Saracenorum
1546 1172 1658 1215 spoliis
1677 1171 1777 1213 onusti
1795 1171 1969 1205 redierant.
1990 1171 2062 1205 lta—

1302 1234 1368 1268 que
1405 1221 1586 1263 Saraceni,
1623 1235 1661 1257 ac
1707 1221 1888 1270 praecipue
1925 1220 1962 1256 in
1992 1220 2062 1256 Hi-

1304 1271 1441 1319 spania,
1470 1272 1525 1307 illi
1555 1282 1639 1307 tunc
1667 1283 1785 1312 erant,
1813 1273 1874 1320 qui
1905 1284 1984 1320 prae
2006 1284 2061 1307 ce-

1303 1321 1384 1357 teris
1413 1321 1448 1356 in
1478 1323 1624 1369 opificio
1653 1323 1838 1359 sericorum
1868 1334 2061 1371 pannorum

1301 1372 1521 1407 eminebant.
1572 1371 1753 1408 Monacho
1795 1386 1933 1419 quoque
1976 1375 2061 1408 San—

1302 1421 1441 1468 gallensl
1465 1421 1605 1458 auctore
1624 1424 1706 1459 Lib.
1727 1436 1747 1458 2
1781 1422 1870 1467 Cap.
1895 1434 1950 1467 14.
1971 1422 2060 1469 apud

1303 1471 1598 1516 Du-Chesnium‚
1635 1475 1783 1509 Carolus
1811 1473 1963 1520 Magnus
1995 1477 2061 1507 Re-

1295 1523 1334 1569 gi
1360 1523 1522 1567 Persarum
1548 1524 1665 1557 direxit
1705 1524 1868 1563 Nuntios,
1911 1523 1965 1569 qui
2003 1524 2060 1557 de-

1295 1573 1413 1617 ferrent
1439 1587 1528 1619 equos
1556 1572 1597 1611 ὦ)
1629 1575 1725 1607 mulos
1768 1574 1946 1620 Htspanos.
1985 1575 2060 1620 pal-

1227 1625 1259 1658 D
1299 1624 1403 1670 linque
1429 1623 1604 1665 frifionica
1631 1626 1727 1668 alba,
1767 1638 1867 1663 cana,
1903 1624 2059 1658 vermicu-

1299 1675 1391 1716 lata,
1419 1675 1471 1708 vel
1492 1675 1669 1719 saphyrina
1687 1702 1695 1713 ,
1724 1688 1802 1720 quae
1829 1675 1861 1708 in
1891 1675 1957 1708 illis
1983 1686 2060 1720 par·-

1299 1724 1384 1759 tibus
1411 1738 1504 1767 rara,
1542 1726 1584 1759 (9⁶
1620 1727 1753 1759 multam
1789 1739 1860 1760 cara
1893 1726 2057 1771 comperit.

1300 1776 1352 1810 Ita
1381 1785 1420 1811 ut
1447 1776 1586 1813 videas,
1625 1789 1666 1810 ne
1693 1775 1883 1810 Occiden-ti
1913 1777 2055 1822 quidem

1298 1825 1457 1861 officinas
1501 1839 1715 1871 pannorum,
1758 1825 1795 1861 ἃ
1838 1825 1914 1860 sane
1941 1825 2055 1873 operis

1299 1889 1367 1911 non
1390 1876 1659 1919 contemnendi,
1687 1877 1772 1911 olim
1796 1875 1957 1911 defuiffe.
1988 1877 2055 1910 130-

1259 1917 1265 1975 Ι
1297 1925 1445 1961 ηλῖᾱείιις
1487 1940 1625 1974 quoque
1668 1926 1811 1961 ‘ianfitus
1848 1926 1988 1972 Martyr
2015 1925 2053 1961 &

1301 1977 1591 2019 Archien³scopus
1643 1976 1878 2025 h'ioguntinus
1930 1978 2053 2012 Seculo

1296 2028 1396 2062 Vm.
1430 2028 1568 2062 Danieli
1601 2028 1772 2075 Episcopo
1815 2027 1907 2062 misit
1947 2028 2055 2073 capsu-

1223 2075 1250 2108 Ξ
1295 2077 1359 2112 lam
1388 2091 1445 2111 non
1475 2079 1688 2119 holosericam,
1726 2079 1778 2120 [ed
1804 2079 1931 2119 caprina
1958 2078 2053 2111 lanu—

1290 2128 1367 2175 gine
1393 2128 1522 2163 mixtam
1550 2127 1596 2166 &³
1623 2128 1788 2171 vrllosam.
1817 2130 1917 2163 Hanc
1945 2128 2053 2163 etiam

1295 2178 1331 2213 in
1361 2177 1404 2212 iis
1433 2179 1633 2226 regionibus
1655 2178 1858 2214 fabricatam
1880 2177 2050 2216 arbitror,

1294 2241 1400 2275 quum
1429 2230 1461 2263 &
1492 2228 1602 2264 adhuc
1632 2228 1713 2275 pilis
1756 2227 1907 2275 caprinis
1935 2228 2053 2263 Gallia

1295 2288 1413 2314 utatur
1440 2279 1480 2313 ad
1509 2278 1669 2326 quasdam
1715 2280 1862 2314 telarum
1899 2277 2025 2326 species
2043 2304 2052 2314 .

1297 2331 1404 2364 Porro
1439 2342 1546 2375 quum
1589 2328 1676 2377 apud
1719 2330 1918 2364 Orientales
1959 2329 2053 2364 anti-

1295 2393 1381 2428 quae
1431 2381 1536 2415 Artes
1587 2378 1780 2414 accuratius
1831 2378 2053 2414 conservatae

1293 2429 1425 2465 fuerint
1452 2430 1466 2475 (
1488 2443 1598 2477 neque
1625 2429 1718 2464 enim
1748 2430 1783 2464 in
1813 2432 1965 2465 Graecae
1993 2437 2053 2465 aut

1294 2481 1466 2516 Arabicae
1503 2490 1562 2515 aut
1607 2479 1755 2515 Perficae
1795 2481 1910 2528 gentis
1938 2481 2051 2526 impe-

1295 2531 1388 2567 rium
1416 2544 1498 2580 gens
1525 2530 1643 2578 aliqua
1672 2531 1812 2566 barbara
1832 2530 2053 2573 successerat,

1966 2589 2006 2618 ut
