2206 3131
216 213 244 251 6
244 211 273 261 9
489 202 856 249 DISSERTATIO
901 201 1173 246 VIGESIMA
1179 202 1369 260 ,QJJNC
1379 207 1458 248 TA
1473 216 1484 250 ς
1678 226 1700 265 7
1708 224 1735 252 0

157 270 260 302 nemci
287 263 525 307 cathedralis,
560 264 660 307 defert
687 264 820 299 alterius
846 264 924 298 colo·
955 267 996 301 ιΑ
1040 262 1141 298 illam
1170 263 1459 309 amplefi’teretur.
1499 267 1557 300 An
1587 269 1669 304 verb
1698 272 1808 303 Soccus

160 317 206 352 ris
231 315 441 359 vestimenta,
469 317 563 362 qudm
591 315 704 360 blavi,
732 315 786 349 vel
814 315 926 361 nigri,

161 377 219 404 aut
244 366 382 411 alicujus
409 366 527 408 honesti
555 366 674 406 mixti,
707 365 764 410 seu
790 364 927 409 alicujus

164 418 271 454 coloris
298 417 431 462 obscuri.
461 417 590 453 Seculo
608 426 724 453 autem
754 418 826 451 lx:
845 415 927 451 idest

163 470 273 505 Anno
303 469 679 504 DCCCLXXXVIII.
717 467 754 504 in
791 466 927 502 Conci-

162 519 216 554 lio
244 518 390 555 Metenfi
418 517 567 555 Canone
588 523 622 556 6.
648 519 812 555 statutum
834 518 926 566 fuit;

162 572 205 605 Ut
243 584 328 604 nemo
363 569 552 604 Clericorum
588 584 678 605 arma
710 580 839 617 portet,
876 570 929 603 vel

167 620 353 656 indumenta
388 621 472 656 laica
509 622 653 664 induat;
689 621 766 662 idest
801 624 928 663 Cottas,

167 672 223 706 vel
252 672 428 706 Mantalios
457 671 528 713 fine
554 675 667 719 Cappa
705 686 763 706 non
798 682 929 718 portet:

167 723 211 756 (9⁶
251 722 343 758 Laici
382 725 512 768 cappas
546 736 605 757 non
646 733 792 768 portent.
831 722 928 767 Quid

166 775 280 819 Cappa
317 771 443 813 fuerit,
481 771 542 807 uni
580 772 690 808 Clero
732 776 929 818 portanda,

166 824 252 872 quid
280 824 387 862 Cotti,
416 821 484 858 sive
511 823 690 865 Mantelli,
724 822 746 857 fi
774 823 928 872 explica-

167 887 203 910 re
231 887 269 909 ac
296 875 478 909 decernere
508 874 639 915 velim,
667 872 703 909 ὅ(
733 874 841 922 longo
862 873 927 909 ser-

169 938 274 960 mone
301 938 387 972 opus
416 923 526 963 foret,
554 925 586 959 &
618 924 852 960 nihilominus
876 934 927 960 te-

168 977 294 1011 nebrae
324 975 555 1024 superessent.
593 975 699 1020 Quod
737 975 814 1010 heic
851 984 928 1010 tan-

169 1025 356 1062 tummodo
401 1025 678 1061 animadvertam
706 1050 716 1065 ,
770 1025 928 1061 Riculfus

171 1075 416 1112 Sueffionenfis
453 1077 644 1123 Epilcopus
673 1077 708 1112 in
748 1075 803 1111 sua
831 1078 928 1111 Con-

167 1127 206 1163 sti
229 1129 350 1162 utione
370 1129 463 1162 edita
485 1129 593 1162 Anno
612 1125 746 1162 Christ1
779 1128 928 1162 DCCC-

166 1180 370 1216 Lxxxtx.
412 1178 498 1226 apud
548 1179 728 1214 Labbeum
753 1202 764 1218 ,
811 1179 930 1214 Tomo

168 1231 232 1265 lx.
261 1229 460 1265 concilior.
485 1227 575 1275 Cap.
603 1240 638 1276 7.
667 1229 749 1264 haec
777 1230 818 1264 ad
850 1230 928 1264 Pre—

166 1281 326 1326 sbyteros
356 1280 428 1315 ait:
458 1281 681 1319 Prohibemu„
712 1291 748 1314 ut
775 1293 860 1314 nemo
888 1281 928 1313 il-
965 1308 967 1311 ,

166 1333 202 1365 ld
229 1333 324 1366 Alea
351 1341 460 1365 utatur
488 1332 521 1364 in
544 1333 641 1374 sacris
666 1331 839 1377 mysteria„
868 1344 930 1376 qua
965 1353 967 1357 -

167 1382 200 1416 in
237 1382 441 1428 quotidiano,
478 1381 532 1413 vel
558 1381 701 1413 exteriori
737 1381 793 1425 usu
821 1381 921 1414 indui-

167 1442 242 1466 tur.
281 1433 378 1467 Haec
407 1430 488 1466 satis
518 1430 618 1465 nobis
656 1430 762 1472 sunt,
799 1440 838 1466 ut
875 1430 928 1466 in·
966 1475 968 1478 .

168 1482 395 1530 telligamus,
431 1494 473 1516 eo
504 1482 629 1516 Seculo
666 1481 867 1516 Sacerdotes
894 1495 929 1516 e-

167 1533 254 1567 tiam
283 1541 383 1567 extra
421 1530 511 1565 sacra
549 1530 730 1576 mysteria,
768 1532 801 1565 8<
830 1541 929 1566 extra

163 1581 352 1618 Ecclefiam
370 1608 379 1623 ,
408 1582 522 1628 palam
548 1580 738 1628 proceffiffe
758 1581 855 1616 Alba
874 1581 927 1616 in-

164 1633 290 1673 dutos,
319 1632 385 1668 hoc
413 1631 484 1670 est,
510 1630 684 1670 Camilia,
721 1630 790 1667 five
818 1633 927 1668 Subu-

168 1685 267 1724 culfi,
304 1696 408 1731 quam
446 1695 538 1718 nunc
575 1683 739 1717 Ruccbeno
774 1684 927 1731 appella—

163 1748 240 1771 mus
259 1763 268 1775 .
294 1735 328 1770 8<
357 1747 425 1782 qua
453 1733 561 1770 etiam
591 1743 739 1769 utuntur
766 1732 929 1769 Canoni-

167 1786 202 1822 ci
233 1787 444 1835 Regulares.
482 1786 558 1821 Leo
596 1786 659 1820 IV.
689 1786 779 1833 Papa
805 1784 927 1821 eodem

169 1839 293 1873 Seculo
323 1836 360 1873 in
386 1836 555 1872 Homelia
580 1836 622 1872 de
648 1837 744 1872 Cura
780 1835 928 1885 pastora-

167 1888 196 1924 li
224 1888 316 1923 idern
345 1888 495 1935 repetit.

222 1940 360 1974 Praeter
370 1940 517 1974 Calceos
528 1963 536 1977 ,
549 1937 708 1974 Sanda-lia
718 1962 729 1978 ,
739 1936 928 1986 Crepidas,
967 1968 969 1972 .

163 1988 311 2035 caligas
332 2014 342 2029 ‚
378 1988 585 2025 Cothurnos
606 2014 617 2028 ,
653 1991 771 2025 Soleas
807 1990 929 2035 (nunc

164 2041 340 2088 Planelle)
377 2040 516 2087 aliaque
550 2042 674 2088 pedum
706 2040 929 2087 integumen-

165 2099 224 2129 ta.
260 2091 302 2126 de
338 2091 465 2137 quibus
500 2090 570 2125 fuse
605 2103 643 2125 ac
677 2088 813 2126 erudite
848 2091 931 2124 Bal..

167 2141 294 2177 duinus
314 2168 323 2183 ,
358 2140 448 2186 apud
486 2140 651 2188 antiquos
681 2142 858 2175 Romanos
891 2140 928 2175 in

167 2191 229 2227 usu
257 2191 350 2227 fuere
368 2192 487 2233 Sacri,
524 2191 591 2226 hoc
617 2190 684 2234 est,
713 2192 933 2226 calceantem—¹
966 2188 969 2230 Ῐ

165 2252 283 2278 torum
311 2254 442 2290 genus,
479 2241 573 2289 quod
602 2240 727 2285 facile,
755 2251 794 2278 ut
822 2241 928 2278 lfido=
966 2254 969 2291 g

165 2307 223 2329 rus
261 2294 342 2330 Lib.
373 2304 429 2340 19.
461 2294 547 2341 Cap.
577 2305 635 2340 34.
671 2293 713 2328 de
749 2293 929 2341 Originib.

165 2343 204 2380 &
233 2344 294 2380 alii
324 2343 479 2379 scribunt
497 2371 507 2387 ‚
543 2344 777 2383 induebatur,
804 2357 844 2379 ac
871 2344 930 2379 de-

165 2397 383 2443 ponebatur3
411 2394 543 2441 quippe
569 2396 670 2430 nullo
698 2395 842 2430 vinculo
870 2408 929 2442 pe-

165 2444 202 2480 di
229 2445 454 2485 adstri&um‚
491 2445 559 2480 five
595 2445 739 2493 superne
775 2446 928 2481 anterio-

166 2508 238 2531 rem
282 2497 375 2543 pedis
419 2506 551 2545 partem
591 2497 797 2532 continuata
839 2497 929 2545 pelle

165 2547 369 2596 obtegeret,
394 2546 464 2584 live
491 2546 654 2597 corrigiis
681 2547 929 2593 tantummodo

1013 1925 1191 1984 len-citer
1227 1940 1372 1974 Annum
1412 1940 1540 1976 Christi

1040 313 1091 349 ita
1119 313 1226 348 etiam
1255 314 1456 350 efformatus
1497 313 1626 360 fuerit,
1663 329 1701 355 ut
1728 333 1806 355 eam

1041 364 1150 399 cruris
1177 373 1309 412 partem
1339 366 1575 414 pertingeret,
1602 381 1669 415 qua
1694 370 1806 407 tibiae

1043 429 1100 462 pes
1128 415 1379 463 conjungitur,
1406 416 1591 466 inquirant
1618 418 1703 454 alii.
1730 422 1807 457 Mi-

1043 466 1078 501 hi
1115 479 1222 502 unum
1258 468 1431 503 duntaxat
1457 471 1806 508 commemorandum

1043 517 1112 557 est,
1152 529 1275 553 vocem
1312 518 1402 554 hanc
1429 520 1469 555 ad
1507 533 1569 556 nos
1597 520 1703 569 usque
1731 535 1808 571 per-

1044 568 1195 604 tranfiffe
1222 570 1263 604 ad
1291 568 1496 618 defignanda
1524 571 1675 607 humilia
1702 586 1810 621 quae-

1044 619 1123 655 dam
1152 620 1388 656 calceamenta
1416 634 1435 656 a
1472 624 1679 671 pauperibus
1711 624 1810 660 usur=

1045 680 1151 719 pata,
1179 670 1330 718 ejusdem
1351 671 1487 708 fortaffe
1518 673 1650 710 formae
1679 688 1718 711 ac
1747 690 1809 712 ve-

1044 731 1155 757 terum
1185 722 1297 757 Socci.
1336 723 1451 758 Nobis
1480 726 1702 770 appellantur
1728 730 1810 762 Zoc-

1043 773 1121 807 coti.
1162 772 1297 808 Plinius
1328 774 1410 810 Lib.
1438 786 1472 821 9.
1501 774 1592 824 Cap.
1622 788 1680 824 35.
1709 778 1742 813 8<
1772 791 1811 814 a·

1045 823 1111 858 libi
1138 824 1278 858 Socculos
1314 835 1511 866 memorat,
1549 827 1675 874 quibus
1704 827 1809 865 femi-

1037 887 1109 921 nae
1145 874 1182 909 in
1221 875 1344 910 luxum
1382 876 1507 913 effusae
1538 891 1678 924 gemmas
1704 880 1810 916 adde-

1047 925 1150 960 bant.
1188 926 1271 961 Itali
1300 936 1374 962 tum
1403 940 1475 963 rem
1502 938 1699 970 retinuere,
1729 940 1809 967 tum

1045 975 1154 1021 ipsam
1177 989 1322 1016 vocem,
1346 981 1382 1013 S.
1406 978 1580 1015 dunt2xat
1605 980 1641 1015 in
1666 983 1707 1015 Z.
1730 993 1811 1016 mu-

1046 1036 1141 1061 tato.
1177 1029 1383 1069 subtalares,
1413 1027 1481 1063 five
1508 1030 1716 1070 subtulares,
1746 1039 1808 1068 aut

1044 1077 1250 1116 Subtelareh
1289 1079 1343 1112 vel
1380 1080 1541 1114 Sotulares
1559 1104 1568 1119 ,
1607 1080 1643 1115 in
1665 1088 1810 1118 'monu-

1046 1127 1173 1163 mentis
1203 1128 1339 1163 barbari
1366 1130 1445 1164 aevi
1483 1143 1551 1165 non
1581 1134 1658 1167 raro
1685 1146 1810 1169 occur-

1044 1188 1155 1217 runt,
1196 1180 1430 1215 calceamenta
1471 1194 1625 1230 nempe,
1663 1196 1752 1231 quae
1789 1198 1810 1221 a

1044 1230 1144 1264 „roccis
1182 1243 1300 1277 parum
1329 1230 1464 1266 diversa
1494 1233 1604 1268 videri
1645 1235 1809 1282 possunt,

1045 1280 1113 1316 sive
1151 1279 1267 1323 solea,
1305 1280 1373 1316 ssve
1410 1283 1510 1329 ligno
1541 1283 1806 1322 subsuerentur:

1045 1344 1123 1365 nam
1161 1331 1193 1365 8<
1233 1331 1429 1366 Subtalares
1467 1333 1576 1381 lignei
1614 1334 1728 1372 fuere.
1768 1338 1809 1372 In

1018 1409 1021 1423 ;
1045 1379 1172 1415 Gloffis
1211 1382 1325 1417 Msn's
1354 1384 1526 1426 Calopodes
1562 1385 1664 1431 lignei
1689 1389 1810 1423 Subta-

1020 1453 1021 1457 =
1044 1432 1124 1467 lares
1146 1431 1332 1467 dicuntur.
1357 1434 1403 1467 Et
1422 1446 1529 1480 quum
1551 1438 1737 1472 Subtalares
1758 1439 1811 1473 la-

1046 1491 1231 1524 varentur,
1259 1482 1342 1517 hinc
1368 1483 1569 1532 intelligas,
1593 1486 1713 1522 saltem
1739 1502 1811 1524 non

1046 1545 1172 1579 paucos
1199 1545 1217 1567 e
1244 1533 1344 1581 ligno
1372 1532 1469 1569 fuiffe
1495 1535 1717 1573 efformatos.
1744 1540 1811 1576 Vi.-

1045 1583 1086 1617 de
1109 1583 1230 1617 Vitam
1253 1582 1369 1618 Samsti
1392 1584 1528 1621 Odonis
1548 1587 1698 1624 Abbatis
1720 1590 1809 1626 Clu-

1047 1632 1211 1669 niacenfis
1239 1634 1320 1669 Lib.
1347 1647 1379 1670 2..
1409 1636 1579 1672 Attamen
1609 1639 1662 1674 uti
1691 1640 1809 1677 diver-

1047 1683 1099 1719 sae
1127 1697 1177 1720 res
1213 1684 1345 1720 alicubi
1382 1698 1643 1728 memorantur,
1670 1691 1703 1725 &
1737 1693 1811 1729 Du-

1045 1733 1188 1780 Cangio
1216 1735 1297 1770 teste
1325 1738 1414 1783 apud
1445 1739 1588 1774 Veteres
1617 1740 1808 1778 inveniun-²

1047 1794 1105 1821 tur
1131 1787 1370 1829 calceamenta,
1407 1788 1484 1830 idest
1511 1791 1665 1838 Calt’gae,
1703 1795 1811 1834 ἔοι-εἱ,

1020 1864 1021 1872 ,
1048 1838 1089 1870 (9¹
1116 1836 1320 1872 subtalares.
1357 1838 1511 1875 Alvarus
1538 1850 1687 1890 quoque
1708 1845 1809 1880 Pela-

1015 1910 1021 1920 κ,
1048 1887 1125 1936 gius
1162 1887 1354 1936 Epi-scopus
1390 1889 1577 1936 Silvenfis‚
1614 1892 1810 1933 describens

1586 1944 1810 1983 MCCCXL.

1049 1988 1286 2037 Hispanorum
1316 1991 1438 2026 luxum
1458 2020 1467 2034 ,
1499 1994 1596 2028 >inter
1628 1996 1697 2031 alia
1726 1997 1811 2033 haec

1047 2039 1152 2076 refert
1178 2040 1271 2076 L'ib.·
1289 2053 1322 2076 2.
1347 2040 1437 2090 Cap.
1462 2044 1522 2090 76.
1549 2045 1672 2093 ,Aliqui
1698 2061 1735 2081 ex
1759 2049 1812 2083 la-

974 2088 1023 2122 E*
1042 2091 1161 2136 [civia
1188 2092 1323 2133 camisiis
1359 2106 1418 2127 non
1460 2104 1611 2129 utentes:
1649 2099 1812 2134 ,sotulares

1047 2146 1214 2177 deauratos
1241 2156 1324 2177 cum=
1345 2143 1447 2186 rostris*
1473 2145 1576 2192 longis
1604 2147 1647 2180 (9⁴
1673 2151 1813 2185 recurvis*

1048 2193 1220 2228 habentes:
1244 2194 1444 2238 foderaturas
1472 2197 1737 2235 Mantellatomm
1751 2205 1754 2207 ’
1764 2200 1814 2243 fi-

1048 2257 1088 2277 ve
1111 2246 1151 2278 de
1176 2246 1292 2287 Vario,
1312 2244 1385 2285 five
1408 2248 1449 2280 de
1473 2247 1609 2290 pellibus
1636 2250 1719 2285 albis
1743 2255 1811 2287 Cu-

1049 2294 1219 2342 niculorum
1241 2296 1335 2340 supra
1353 2297 1439 2330 latus
1457 2297 1618 2339 sinistrum
1637 2301 1738 2337 cubiti
1755 2304 1812 2338 ho·

1048 2346 1186 2381 minibus
1211 2345 1424 2387 ostendentes:
1449 2352 1566 2384 caudas
1592 2362 1672 2387 retro
1699 2353 1732 2387 in
1758 2368 1811 2389 ca-

1044 2397 1140 2444 pillis
1165 2396 1211 2435 &
1247 2397 1355 2432 barbis
1384 2397 1431 2438 0&
1467 2401 1598 2436 manicis
1632 2403 1810 2449 habentes,

1048 2449 1179 2491 captllos
1206 2449 1372 2483 barbarum
1397 2451 1580 2486 dividentes
1606 2452 1653 2490 όν
1680 2455 1812 2501 comple-

1047 2497 1160 2532 &enees
1173 2524 1181 2533 .
1201 2498 1328 2534 Vidisti
1348 2501 1509 2534 Sotulares
1529 2514 1597 2536 cum
1617 2503 1717 2545 rostris
1739 2505 1810 2540 lon-

1039 2548 1097 2596 gis
1118 2547 1166 2586 (ἓν
1190 2553 1350 2587 recurvis.
1377 2552 1474 2586 Dum
1502 2550 1586 2589 haec
1613 2552 1749 2593 scribo,
1772 2564 1810 2591 a·

1143 2601 1174 2635 E
1228 2612 1249 2636 2
1656 2604 1756 2640 dole-
