2206 3131
287 200 345 243 77
552 182 922 230 DISSERTATIO
967 181 1536 241 VIGES'IMAQHNCPA.
1759 185 1814 240 78

225 256 298 288 non
340 257 428 281 unus
468 256 582 281 error.
624 243 850 279 Scribendum
892 243 987 279 enim
1032 247 1065 280 A
1108 244 1161 278 Ira
1189 242 1266 277 ine
1300 246 1409 278 Anno
1438 244 1567 279 christi
1595 240 1871 282 Dcccxvut.

226 296 369 332 videtur
386 295 572 341 Trampolt',
600 307 670 330 non
691 295 888 339 Trampam’.
919 297 990 330 Ne-

226 360 295 394 que
321 346 500 389 Trampani
527 344 605 381 sunt
633 346 797 380 Pianelle.
839 347 886 381 Et
928 358 990 381 nos

227 397 370 445 quidem
398 396 550 432 dicimus
576 397 681 432 andar
704 396 741 441 su
768 397 780 430 i
806 397 992 442 Trampoli‚

226 448 285 483 vel
318 446 396 491 sui
432 447 581 487 Zanchi‚
623 446 679 482 sed
720 456 760 483 ut
796 446 992 484 indicemus

227 497 410 534 hominem
439 497 573 534 insueta
601 497 724 547 agendi
753 496 865 533 formfi
893 509 993 534 uten-

228 556 325 592 tem,
353 563 392 585 ac
421 549 578 599 periculo
605 549 750 584 cadendi
776 548 992 597 expositum.

227 600 287 636 Ad
317 600 400 636 haec
437 600 531 636 idem
568 601 757 643 Menaaius
795 600 881 636 alibi
911 600 994 636 scri—

227 649 315 700 psit,
353 653 485 695 Zama,
533 665 601 699 qua
650 664 735 686 voce
782 664 844 699 pro
871 653 995 686 Gamba

228 701 306 737 usus
348 700 418 737 fuit
449 704 579 738 Dantes
623 715 691 737 non
726 715 796 737 uno
825 702 861 737 in
892 703 994 745 loco,
1036 739 1038 741 ,

229 753 283 788 uti
312 751 349 787 in
380 752 619 788 Vocabulario
657 752 866 788 Florentino
908 753 994 800 jam—

227 802 290 838 diu
318 801 525 838 adnotatum
565 803 631 842 est,
670 802 821 838 derivari
851 804 892 838 ab
921 803 996 851 ipso

228 854 404 889 vocabulo
442 853 567 889 Gamsra
604 863 790 902 corrupto.
834 854 891 889 Ab
918 858 996 889 An-

228 918 281 939 cus
317 903 489 940 Oaavius
528 904 703 940 ferrarius
742 918 863 940 vocem
894 905 994 941 illam

228 957 339 991 Zanca
367 955 529 991 deducit.
573 955 635 991 Sed
667 965 811 1004 uterque
840 955 995 992 fallitur.

229 1005 399 1041 Diversae
444 1007 546 1053 plane
581 1006 731 1055 originis
769 1006 846 1042 sunt
885 1009 995 1042 Zanca

231 1054 270 1092 &
306 1058 454 1091 Gamba:
498 1059 630 1092 Dantes
677 1060 759 1093 verb
798 1071 857 1105 per
884 1067 993 1092 meta-

229 1106 376 1154 phoram
405 1107 447 1143 ad
475 1120 573 1144 crura
601 1107 806 1156 designanda
832 1107 996 1143 adhibuit

231 1159 342 1193 Zanca
360 1185 370 1200 ,
416 1158 510 1206 quod
553 1162 728 1206 Tzangae,
772 1158 827 1194 seu
872 1159 996 1194 Zanchi

231 1207 298 1244 fint
322 1209 433 1245 veluti
456 1222 575 1253 crura,
603 1208 672 1246 five
691 1209 813 1245 Gambe
831 1211 867 1244 di
886 1211 994 1255 legno.

284 1260 452 1296 Ceterum
482 1260 659 1295 neminem
690 1260 824 1309 pigebit
852 1261 997 1304 audire,

230 1309 358 1357 quibus
386 1311 634 1346 calceamentis
663 1311 740 1346 usus
767 1311 856 1346 olim
890 1311 995 1346 fuerit

227 1360 423 1397 Bernardus
462 1361 587 1396 Italiae
616 1363 690 1396 Rex
708 1387 718 1404 ,
761 1361 883 1396 Caroli
912 1363 993 1395 Ma—

228 1411 292 1459 gni
337 1424 442 1458 nepos
459 1436 467 1446 .
517 1411 602 1457 Ejus
655 1412 831 1446 tumulum
888 1413 995 1446 Anno

230 1460 360 1497 Christi
390 1463 712 1497 MDCXXXVIII.
733 1461 933 1497 Mediolani
960 1462 995 1496 in

229 1510 462 1548 Ambrofiana
501 1510 647 1546 Bafilica
677 1511 862 1547 reseratum
894 1512 995 1547 Puri-

227 1562 351 1598 cellius
395 1574 472 1610 pag.
500 1573 561 1608 70.
592 1564 819 1599 Monument.
859 1562 996 1598 Bafilic.

225 1612 378 1663 ejusdem
409 1611 600 1653 describit,
627 1622 733 1660 atque
760 1612 854 1649 inter
881 1623 996 1648 cetera

231 1664 324 1701 testis
351 1664 512 1699 oculatus
539 1662 610 1699 ait:
639 1664 829 1708 superstites
854 1665 957 1699 adhuc
982 1678 998 1698 e

231 1716 310 1750 corio
337 1718 428 1750 rubro
453 1714 548 1750 calcei
573 1725 737 1760 utrumque
761 1716 870 1762 pedem
894 1725 997 1750 conte-

230 1767 378 1814 gebant:
418 1766 573 1812 iidemque
611 1768 848 1800 LIGNEAM
870 1766 998 1813 quisque

231 1819 453 1855 sOLEAM,
479 1817 552 1852 binc
579 1816 652 1852 inde
670 1816 812 1852 coriaceis
839 1817 996 1861 insuram,

233 1867 412 1903 habebam.
449 1870 530 1903 Tam
569 1870 644 1902 verb
669 1878 743 1916 apte
775 1866 929 1914 preffeque
955 1869 998 1902 ad

225 1918 319 1965 suum
356 1919 483 1966 quisque
515 1919 626 1965 pedem
648 1918 746 1965 juxta
779 1920 918 1953 ordinem
944 1919 997 1952 di-

229 1971 369 2017 gitorum
395 1971 632 2017 congruebant,
676 1970 710 2004 in
736 1980 862 2005 acutum
888 1972 998 2005 versus

231 2020 396 2067 primorem
422 2021 562 2067 digitum
588 2020 782 2062 desinentes,
821 2032 857 2055 ut
883 2022 999 2055 calceus

233 2072 341 2105 dexter
366 2071 490 2111 nonnisi
515 2072 626 2105 dextro
649 2072 745 2115 pedi,
773 2072 925 2117 quamdiu
948 2072 998 2104 in-

233 2130 319 2168 teger
345 2120 401 2155 ille
427 2131 517 2164 erat,
551 2120 736 2168 sinisterque
765 2121 893 2162 sinistro
918 2123 998 2157 ada-

230 2170 320 2216 ptari
357 2169 522 2218 potuiffit.
558 2174 704 2207 Ceterum
730 2172 858 2219 quisque
884 2176 1000 2206 calceus

232 2220 359 2258 duabus
397 2223 525 2257 tamum
566 2221 641 2256 corii
674 2223 823 2267 partibus
865 2223 1000 2258 invicem

230 2273 392 2317 consutis,
416 2275 524 2320 pedem
550 2272 598 2306 ita
624 2276 828 2321 contegebat,
869 2286 904 2308 ut
941 2289 999 2309 an—

231 2324 327 2359 terior
352 2325 427 2359 corii
450 2334 528 2371 pars
555 2323 589 2358 in
617 2324 757 2371 suprema
776 2327 887 2360 versus
911 2339 1001 2360 crura

231 2375 427 2411 extremitate
447 2375 686 2421 aliquantulum
707 2374 799 2421 scissa
821 2377 854 2409 in
874 2377 1000 2423 longum

232 2423 324 2471 effer,
365 2427 491 2472 illicque
513 2428 591 2472 pedi
617 2426 794 2473 lignamine
824 2427 999 2473 adstringe-

232 2486 336 2514 retur,
362 2479 406 2511 ad
430 2489 499 2511 eum
525 2478 649 2523 prorsus
680 2480 804 2512 modum
824 2502 833 2515 ‚
860 2491 918 2524 quo
945 2491 999 2511 ru-

224 2525 346 2568 sticana
368 2527 457 2563 hodic
479 2528 689 2564 calceamenta
708 2528 864 2575 fac‘litari
876 2528 1000 2575 solent,

1108 294 1302 328 Bernardus
1334 295 1407 329 Rex
1437 293 1582 329 vivendi
1621 295 1728 331 finem
1767 293 1873 329 fecit.

1108 342 1270 379 Piofeeffi
1299 344 1455 392 Ligneae
1484 345 1603 380 Soleae
1642 346 1734 380 inter
1763 344 1874 379 coria-

1107 408 1182 430 ceas
1213 393 1397 437 consutae,
1425 407 1530 441 quum
1561 397 1717 430 calceum
1746 397 1871 443 alliga—

1107 456 1182 482 tum
1221 445 1314 481 nihil
1359 445 1537 481 cedentem
1568 446 1760 489 efficerent,
1810 446 1876 480 ali-

1108 497 1193 545 quid
1234 495 1452 532 incommodi
1511 498 1675 533 euntibus
1718 496 1873 532 attulisse

1109 549 1314 583 videantur.
1344 547 1405 583 Sed
1435 548 1678 595 experimento
1706 548 1800 596 prius
1822 546 1874 583 fa-

1108 598 1166 634 &o
1203 598 1244 634 de
1281 598 1336 633 his
1373 597 1501 634 restas
1541 599 1696 647 judicare
1723 600 1873 635 liceret.

1108 648 1218 686 Certe
1245 649 1402 697 antiquis
1430 650 1468 685 in
1498 649 1556 685 usu
1585 649 1727 686 fuerunt
1752 651 1874 685 Soleae

1108 701 1272 749 ligneae,
1320 713 1465 747 quarum
1514 713 1641 737 nornen
1680 700 1791 737 adhuc
1833 701 1873 735 in

1109 751 1235 792 Italia,
1271 750 1412 791 Gallia,
1440 749 1478 787 &
1521 752 1709 788 Germania
1750 750 1875 801 perdu—

1107 811 1188 846 rat,
1216 801 1282 837 hoc
1310 801 1354 837 est
1382 803 1583 849 Pantoffile,
1612 817 1629 838 e
1657 802 1873 838 Germanico

1107 852 1323 896 Pam-Tasci,
1360 851 1577 901 significante
1614 857 1734 888 Pedum
1762 855 1874 888 Tabu-

1107 904 1179 939 las.
1217 903 1378 939 Sandalia
1425 917 1550 948 nempe
1594 904 1711 953 lignea
1755 904 1871 944 fuere,

1109 955 1205 989 corio
1233 954 1376 998 desuper
1402 954 1589 999 destituta,
1631 956 1685 991 uti
1714 956 1778 991 illa
1809 957 1873 990 Pa-

1111 1005 1184 1050 pias
1220 1004 1406 1040 describit.
1454 1006 1520 1041 Uti
1567 1009 1650 1041 vero
1678 1018 1795 1048 nunc,
1824 1005 1876 1040 ita

1108 1054 1146 1091 &
1174 1055 1262 1091 olim
1291 1053 1505 1091 Calceorum
1528 1068 1621 1091 nova
1643 1056 1754 1091 forma
1777 1055 1875 1090 iden-

1109 1106 1217 1141 tidem
1247 1106 1537 1154 excogitabatur.
1581 1107 1662 1152 Qua
1699 1106 1737 1142 in
1765 1120 1801 1142 re
1829 1106 1877 1141 ri·-

1109 1156 1181 1192 sum
1210 1155 1360 1192 fortaffis
1381 1157 1488 1192 alicui
1511 1167 1759 1197 commoveat,
1788 1170 1876 1205 quae

1110 1209 1233 1244 Seculo
1265 1209 1360 1243 XIV.
1391 1207 1531 1244 invdia
1559 1208 1711 1244 traditur
1738 1221 1756 1243 a
1777 1210 1876 1244 Con-

1109 1260 1288 1294 tinuatore
1317 1258 1451 1307 Nangii
1480 1258 1521 1294 ad
1545 1261 1690 1295 Annum
1714 1260 1876 1295 MCCC-

1110 1312 1224 1345 LXV.
1251 1310 1433 1352 sotulares,
1461 1308 1604 1355 inquit,
1632 1309 1813 1349 habebant,
1841 1310 1877 1343 in

1111 1361 1224 1405 quibus
1259 1359 1355 1401 rostra
1390 1359 1569 1405 longiffima
1609 1359 1643 1394 in
1668 1370 1760 1404 parte
1786 1369 1878 1395 ante-

1111 1410 1186 1443 riori
1212 1413 1257 1444 ad
1283 1411 1404 1444 modum
1431 1411 1526 1444 unius
1552 1423 1644 1444 cornu
1672 1411 1705 1445 in
1726 1411 1878 1457 longum,

1110 1461 1171 1495 alii
1208 1460 1240 1494 in
1277 1460 1460 1506 obliquum,
1497 1471 1533 1495 ut
1568 1461 1728 1507 Griffones
1762 1462 1880 1496 habent

1110 1521 1211 1548 retro,
1239 1508 1285 1548 ἐφ’
1312 1511 1503 1545 naturaliter
1526 1521 1582 1557 pro
1608 1512 1789 1557 unguibus,
1818 1510 1880 1555 ipsi

1111 1562 1312 1596 communiter
1330 1561 1559 1605 deportabant.
1589 1561 1769 1597 Deformis
1792 1562 1879 1597 adeo

1113 1612 1184 1647 visa
1225 1611 1270 1647 est
1307 1612 1518 1647 calceorum
1562 1611 1695 1661 figura,
1737 1622 1777 1648 ut
1804 1612 1880 1661 ipso

1114 1662 1294 1698 Historico
1320 1661 1401 1697 teste
1429 1663 1578 1698 Carolus
1608 1665 1683 1698 Rex
1712 1663 1881 1699 franciae

1116 1712 1275 1756 Parisiis,
1302 1713 1336 1748 8(
1366 1711 1532 1749 Urbanus
1560 1714 1605 1748 V.
1630 1715 1720 1762 Papa
1747 1713 1784 1750 in
1808 1716 1881 1749 Ro-

1116 1777 1216 1799 mana
1253 1763 1363 1800 Curia
1401 1763 1546 1800 illorum
1589 1763 1687 1800 usum
1715 1764 1882 1801 inhibue-

1115 1817 1207 1850 rint.
1250 1817 1376 1863 Neque
1416 1824 1534 1850 tamen
1562 1828 1602 1850 ea
1628 1828 1747 1851 recens
1774 1825 1878 1851 nata:

1116 1879 1195 1901 nam
1236 1867 1356 1901 Petrus
1403 1864 1571 1901 Damiani
1617 1865 1656 1901 in
1711 1866 1879 1914 Opuscul.

1114 1928 1174 1963 42.
1204 1916 1245 1951 ad
1274 1915 1490 1953 Landulfum
1519 1917 1605 1963 Cap.
1633 1927 1668 1964 7.
1697 1916 1879 1953 Clericum

1117 1967 1335 2004 luxuriosum
1390 1965 1483 2002 hisce
1533 1967 1650 2003 verbis
1696 1966 1878 2003 delineat:

1117 2019 1179 2054 Hic
1218 2019 1325 2066 itaque
1351 2018 1535 2059 nitidulus,
1576 2019 1619 2053 (9⁶
1645 2017 1763 2064 semper
1789 2032 1882 2055 orna·

1115 2080 1166 2104 tus
1182 2097 1192 2113 ‚
1219 2080 1315 2117 atque
1340 2069 1517 2116 conspicuus
1544 2068 1726 2109 incedebat,
1763 2070 1812 2105 ita
1847 2081 1883 2105 ut

1116 2131 1208 2168 caput
1234 2120 1302 2165 ejus
1330 2133 1498 2167 numquam
1525 2119 1586 2160 nist
1606 2120 1796 2167 gibellinica
1812 2121 1883 2165 pel·

1115 2171 1158 2205 lis
1184 2173 1334 2218 obtegeret
1350 2196 1361 2212 ,
1391 2173 1574 2207 indumenta
1599 2171 1762 2212 carbasina
1788 2183 1882 2219 atque

1116 2222 1265 2257 niventia
1287 2223 1394 2271 siligio
1411 2232 1468 2265 per
1490 2231 1588 2256 artem
1609 2221 1746 2265 fullonis
1773 2222 1883 2267 infice-

1117 2284 1164 2308 ret
1173 2287 1194 2316 ,·
1229 2274 1345 2308 calceus
1368 2272 1521 2317 postrema
1546 2275 1590 2307 ad
1624 2273 1766 2320 aquilini
1793 2273 1882 2316 rostri

1110 2324 1243 2369 speciem
1279 2338 1339 2359 non
1373 2323 1524 2368 falleret.
1566 2324 1707 2371 siligio,
1734 2323 1791 2360 seu
1819 2337 1882 2372 po-

1117 2374 1211 2417 tius,
1251 2376 1378 2422 siligo,
1404 2373 1441 2410 ni
1470 2372 1593 2417 fallor,
1626 2374 1704 2410 heic
1731 2374 1882 2410 sumitur

1117 2439 1180 2473 pro
1217 2424 1340 2462 sele&
1383 2424 1497 2461 tritici
1536 2424 1712 2467 medulla,
1758 2438 1777 2459 e
1812 2437 1881 2472 qua

1117 2475 1347 2513 marcescente
1383 2474 1427 2512 fit
1471 2474 1620 2522 glutinis
1657 2473 1798 2510 candidi
1839 2489 1880 2511 ac

1115 2526 1225 2563 diluti
1254 2526 1416 2579 VspecieS,
1460 2525 1615 2576 rigorem
1655 2525 1879 2583 lineis-telis

1771 2588 1829 2613 m-
