2206 3131
431 243 513 281 247
704 224 1142 282 ANTIQUJT.
1190 220 1439 266 MEDJJ
1482 222 1674 267 ΑΕΗ
1865 226 1948 281 248

409 283 583 334 Menagio
623 284 663 321 in
703 286 817 323 Libro
859 286 900 322 de
945 284 1122 334 Originib.
1166 285 1198 320 A
1245 290 1302 317 tur
1329 281 1449 332 ignis:
1493 282 1531 321 ἃ
1569 284 1629 321 ubi
1657 282 1838 320 admoveri
1867 284 2008 322 flamma

358 332 522 385 Linguae
543 336 659 372 Italic.
680 337 889 382 arbitranti,
917 336 1009 373 idem
1028 335 1125 371 fuifl‘e

357 385 536 432 Bitifredos
564 401 642 423 cum
665 387 870 433 Battifollis‚
897 389 931 424 &
954 389 1125 424 Du—Can—

358 436 421 484 gio
448 437 487 474 in
515 438 674 474 eamdem
702 437 911 475 sententiam
939 438 1124 488 loquenti,

359 500 431 524 non
469 488 574 524 facile
617 502 682 538 ego
725 489 983 536 adstipulabor.
1026 488 1124 525 Mihi

359 539 548 575 creduntur
584 540 762 584 Bitisredi,
802 540 844 576 de
871 541 997 588 quibus
1026 540 1124 588 supra

360 589 478 625 anstum
519 589 585 634 est,
623 591 760 639 ligneae
795 593 935 627 tantum
972 593 1124 629 Turres,

360 640 431 677 five
458 654 578 690 patum
607 641 786 679 diffimilis
817 642 974 682 formae,
1014 641 1124 677 tradi-

360 700 419 728 tae
465 706 654 740 paucorum
715 694 874 743 peditum
920 693 1123 740 custodiae3

360 743 532 787 Battifolli
558 753 698 789 autem,
749 745 843 781 idern
886 744 993 781 ferme
1021 754 1125 792 atque

362 794 530 836 Ballene,
559 797 818 845 propugnacula
846 795 983 832 scilicet
1008 805 1126 831 tantae

358 844 590 887 latitudinis,
618 857 658 883 ut
678 847 814 895 equites
835 848 942 884 etiam
964 848 997 882 8<
1019 858 1126 895 equos

361 896 614 942 continerent,
666 899 719 934 uti
770 898 872 933 nobis
923 899 1126 946 praecedens

362 945 501 986 Charta
529 947 742 996 significavit
759 974 768 982 .
798 947 971 984 Nicolaus
999 948 1127 997 Tegri-

361 1009 441 1033 mus
469 998 507 1034 in
536 999 622 1034 Vita
650 998 842 1034 Castruccii
884 999 967 1035 haec
996 999 1124 1036 habet:

365 1049 495 1083 Primus
516 1049 616 1095 supra
641 1050 832 1096 Sergianum
859 1050 1031 1093 Castellum
1057 1054 1129 1086 ,Ar—

365 1112 428 1134 cem
455 1100 641 1145 aedificavit
669 1100 792 1148 (quam
818 1102 1042 1146 Sarzanellum
1071 1112 1129 1147 ap·-

326 1156 328 1159 ’
363 1150 557 1199 pellamus)
595 1152 628 1185 in
652 1152 789 1196 sormam
814 1153 984 1196 Batisollis
1012 1152 1131 1200 (illius

367 1201 485 1236 aetatis
511 1201 696 1250 vocabulo)
724 1216 790 1238 cum
817 1217 931 1250 aggere
957 1213 1003 1242 {J
1031 1203 1132 1251 lignis

368 1261 513 1299 terraque
538 1254 672 1300 congello
681 1266 702 1296 ‚·
740 1255 895 1289 adversas
924 1254 1046 1300 subitos
1082 1255 1133 1288 in-

369 1303 474 1347 cursus
499 1303 599 1338 locum
627 1305 720 1338 illum
745 1305 913 1339 munivit:
943 1306 1135 1352 postmodum

370 1352 414 1386 Θ·
441 1354 520 1388 calce
548 1354 767 1400 lateribusque*
783 1354 928 1388 tutiorem
966 1357 1107 1389 reddidit
1124 1381 1133 1390 .

370 1404 491 1448 Quare
518 1404 783 1448 Battisolli·vix'
804 1418 824 1440 a
850 1404 986 1446 Bastitis
1010 1403 1134 1440 diversi

369 1454 488 1505 fuere;
534 1454 572 1492 ἃ
615 1455 682 1491 hoc
724 1455 774 1491 eis
818 1468 947 1491 nomen
978 1455 1133 1491 inditum

369 1515 457 1555 puto
474 1530 485 1546 ‚
524 1515 563 1553 ut
583 1506 699 1551 folles,
735 1505 826 1551 idest*
847 1506 968 1543 stultos
984 1534 995 1551 ‚
1023 1506 1130 1542 batue—

370 1567 467 1596 rent‚
495 1554 578 1591 idest
606 1556 908 1603 comprimerent,
944 1556 967 1592 si
995 1558 1134 1605 quando

371 1607 415 1643 ad
452 1605 688 1645 seditionem,
729 1607 1030 1655 rebellionemque
1057 1621 1134 1643 ver-

372 1666 514 1706 gerent.
551 1657 724 1700 Johannes
763 1657 943 1693 Villanius
984 1658 1065 1694 Lib.
1102 1669 1134 1703 ς.

373 1711 462 1756 Cap.
483 1721 515 1745 2.
538 1707 669 1743 Histor.
691 1707 820 1747 tradit,
849 1722 867 1743 a
887 1708 1135 1744 Mediolanen-

371 1758 462 1795 sibus
489 1758 669 1805 Oppidum
698 1757 736 1793 in
766 1759 979 1794 Lombardia
1012 1759 1135 1795 condi-

372 1819 449 1846 tum
479 1809 602 1848 fuiffe,
631 1808 713 1844 idest
741 1808 1020 1854 Alexandriam,
1047 1810 1136 1856 quasi

368 1872 425 1909 per
451 1875 516 1895 una
541 1860 670 1901 Baftfta
698 1860 740 1893 Θ*
767 1859 957 1903 Battifolle‚
999 1860 1136 1895 incontra

372 1913 443 1948 alla
462 1912 554 1946 Cim}
569 1911 605 1945 di
625 1910 750 1944 Pavia.
781 1911 833 1945 Ita
854 1910 936 1946 Lib.
949 1912 983 1946 6.
995 1913 1082 1958 Cap.
1098 1925 1133 1958 4.

371 1966 405 1998 ,Ε
430 1973 485 2009 per
513 1961 706 2004 Battifolle‚
747 1973 837 1994 overo
863 1961 991 2002 Bastita
1016 1962 1055 1995 vi
1079 1973 1135 2008 po-

366 2014 443 2059 Jono
471 2016 482 2047 i
509 2010 691 2048 Fiorentim'
717 2011 744 2045 il
778 2010 914 2053 Castello
945 2010 1135 2057 d'AneiJa.

373 2066 423 2100 Et
459 2063 542 2101 Lib.
581 2073 636 2099 10.
665 2063 752 2109 Cap.
789 2073 869 2109 171.
906 2062 1038 2096 Feciono
1073 2077 1137 2098 una

376 2115 505 2157 Bastita
525 2127 615 2149 overo
634 2113 826 2157 Battisolle,
842 2112 988 2159 guerm'to
1005 2113 1043 2146 di
1057 2127 1137 2160 gen-

375 2177 405 2200 te
432 2165 580 2201 damni.
623 2164 774 2211 Aliquid
817 2173 934 2199 tamen
962 2162 1136 2199 discrimi-

378 2215 432 2251 nis
461 2230 502 2251 ex
532 2217 648 2263 aliqua
677 2213 877 2250 diversitate
918 2213 1050 2249 formae
1082 2214 1137 2250 in-

378 2275 431 2302 ter
458 2267 598 2308 Bastitas
627 2268 660 2301 8<
689 2265 874 2308 Battifolles
901 2264 1049 2300 fortaffis
1082 2264 1135 2300 in—

378 2316 593 2355 tercesserit,
647 2329 754 2363 quum
803 2315 997 2352 H1st0ricus
1044 2315 1136 2351 idem

379 2367 462 2405 Lib.
488 2379 543 2403 10.
564 2366 653 2415 Cap.
677 2368 759 2406 206.
788 2366 962 2414 scripserit
989 2366 1030 2401 de
1049 2366 1136 2401 obfi-

379 2419 484 2454 dione
527 2419 676 2466 Bargae:
726 2421 772 2452 Et
811 2432 892 2453 avea
931 2418 1052 2452 intorno
1080 2418 1138 2462 pia

377 2469 545 2513 Battifolli
581 2483 596 2502 e
632 2468 774 2510 Bastite.
823 2471 932 2505 Porro
976 2467 1137 2505 adversus

380 2519 551 2564 ejusmodi
580 2519 796 2555 munitiones
824 2520 980 2565 ligneas.
1014 2533 1136 2554 omanus

377 2569 524 2614 Bastitae
549 2583 679 2607 nomen
705 2578 805 2616 erat,
839 2568 938 2622 saepe
963 2569 1139 2609 defereba-

1244 342 1408 382 poterat,
1449 347 1595 383 eamque
1631 335 1728 371 sudes
1769 348 1809 372 ac
1850 336 2006 372 tabulata

1244 384 1514 434 concipiebant,
1544 386 1712 423 ultimum
1741 386 1868 423 eisdem
1901 386 2009 422 Basti-

1244 435 1291 471 tis
1332 436 1546 474 imminebat
1595 438 1800 475 excidium.
1853 441 2011 478 Fuerunt

1245 486 1351 522 etiam
1379 489 1535 524 stellatae
1570 487 1608 526 &
1641 491 1776 526 Palatae
1808 490 2009 526 munimen-

1245 546 1362 574 torum
1391 538 1540 587 spedes,
1586 554 1629 576 ex
1672 541 1760 589 palis
1800 543 1833 577 ἃ
1874 543 2011 591 lignis,

1246 602 1393 637 quarum
1430 589 1567 623 mentio
1595 591 1640 625 est
1666 592 1703 626 in
1744 592 1899 629 Historia
1929 596 2011 629 Fer-

1247 638 1408 678 rarienfi,
1451 647 1556 687 atque
1597 639 1636 675 in
1677 641 1750 690 ejus
1793 645 1899 680 Urbis
1927 658 2011 693 agro

1249 688 1333 725 Vici
1361 689 1554 732 habentur,
1595 689 1688 727 idem
1728 693 1918 731 retinentes
1946 709 2011 732 no-

1249 753 1350 776 men.
1379 740 1541 788 Denique
1569 742 1700 778 Turres
1727 742 1763 779 in
1793 744 1909 793 agris,
1937 747 2012 784 col-

1248 792 1363 832 libus,
1408 803 1448 827 ae
1494 792 1676 829 montibus
1711 795 2011 833 constituebantur

1250 844 1322 891 ejus
1364 841 1610 888 fortitudinis,
1658 853 1697 880 ut
1733 847 1942 896 quandoque
1970 847 2011 884 ad

1250 907 1305 930 eas
1333 894 1578 942 expugnandas
1606 894 1709 943 justus
1737 898 1910 934 exercitus
1935 899 2012 935 exi-

1251 955 1407 994 geretur.
1455 944 1563 980 Hisce
1600 945 1776 982 interdum
1820 949 2011 985 exteriores

1251 995 1468 1031 munitiones
1513 995 1769 1045 adjiciebantur
1822 1000 1863 1035 ad
1909 999 2013 1036 instar

1251 1046 1415 1089 Bastitae.
1453 1048 1568 1082 Immo
1601 1051 1810 1098 quandoque
1836 1051 2012 1086 Monaste-

1250 1098 1302 1133 ria
1343 1110 1382 1133 ac
1419 1098 1570 1146 Templa
1609 1100 1706 1135 vallo
1746 1101 2013 1145 circumduffio,

1251 1149 1430 1194 Hemesa-is,
1490 1148 1638 1197 aliisque
1688 1151 1921 1187 munimentis
1972 1152 2014 1188 ad

1252 1199 1350 1235 usum
1392 1199 1478 1234 belli
1519 1199 1798 1237 instruebantur:
1842 1203 1936 1250 quod
1965 1203 2017 1238 in·-

1250 1250 1407 1292 castellare
1433 1251 1648 1298 appellatum
1677 1252 1747 1294 est.
1777 1251 1843 1288 hoc
1870 1253 1936 1296 est,
1964 1253 2015 1290 ita

1253 1301 1412 1345 munire,
1459 1300 1601 1349 perinde
1642 1311 1746 1349 atque
1784 1303 1902 1339 Castra
1949 1303 2017 1341 five

1254 1351 1404 1386 Castella
1432 1351 1572 1386 forent.
1603 1353 1642 1386 In
1672 1351 1845 1390 Concilio
1873 1357 2019 1391 Latera-

1255 1399 1347 1435 nenfi
1394 1401 1503 1435 Anno
1540 1401 1754 1438 Mcxxul.
1780 1402 1920 1440 Canon.
1962 1418 2018 1452 14.

1255 1449 1409 1491 Ecclefias
1444 1466 1464 1486 a
1500 1451 1608 1486 Laicis
1645 1452 1861 1495 incastellari,
1900 1466 1958 1490 aut
1985 1457 2019 1491 in

1249 1502 1437 1547 servitutem
1464 1502 1593 1548 redigi,
1620 1502 1810 1539 auam-itate
1835 1507 2022 1551 Apostolica

1252 1553 1472 1597 prohibemus.
1501 1554 1672 1588 Attamen
1702 1567 1828 1600 paucos
1857 1556 1928 1604 post
1957 1570 2021 1592 an-

1258 1616 1319 1638 nos
1347 1602 1500 1638 eximius
1528 1602 1724 1640 sanftiratis
1762 1606 1882 1649 locus,
1920 1607 2020 1644 vide-

1256 1654 1341 1689 licet
1370 1652 1513 1688 Basilica
1542 1653 1613 1701 ipsa
1643 1656 1815 1692 Vaticana
1834 1684 1844 1700 ‚
1873 1659 2019 1695 calami—

1257 1705 1325 1740 tati
1353 1703 1435 1739 huic
1463 1705 1619 1739 obnoxia
1646 1703 1740 1745 fuit,
1785 1717 1823 1743 ut
1867 1710 2019 1756 produnt

1260 1754 1351 1793 Affla
1380 1754 1551 1790 friderici
1579 1755 1607 1791 1.
1637 1757 1813 1805 Augusti,
1842 1759 2020 1795 testatum-

1259 1819 1325 1854 que
1380 1805 1526 1852 reliquit
1582 1808 1740 1843 Gerohus
1802 1810 2017 1858 Praepofitus

1262 1855 1592 1905 Reicherlpergenfis
1612 1885 1621 1900 ‚
1650 1859 1849 1894 eorumdem
1881 1870 2018 1909 tempo-

1259 1921 1334 1943 rum
1372 1909 1530 1955 scriptor
1569 1908 1650 1943 Lib.
1688 1919 1720 1954 ς.
1757 1923 1831 1960 pag.
1872 1923 1952 1958 114.
1981 1912 2018 1948 in

1258 1958 1341 1994 haec
1369 1959 1472 1994 verba
1499 1959 1670 2005 loquens:
1709 1963 1797 1995 Unde
1825 1975 1883 1996 non
1911 1964 2018 1997 imme-

1257 2011 1317 2043 rito
1342 2010 1499 2052 delemus,
1527 2011 1608 2055 quod
1632 2012 1733 2045 adhuc
1760 2012 1793 2046 in
1821 2014 1909 2047 domo
1933 2014 2019 2048 beati

1258 2061 1345 2095 Petri
1372 2060 1531 2103 Principis
1567 2061 1786 2107 Apostolorum
1820 2064 2021 2106 desolationi}

1260 2111 1521 2146 abominationem
1558 2115 1645 2152 state
1691 2113 1832 2148 vidimus
1856 2138 1867 2153 ,
1909 2113 2021 2159 positis

1260 2164 1355 2196 etiam
1379 2162 1624 2208 propugnaculis
1660 2161 1706 2201 &¹
1745 2165 1821 2198 aliis
1860 2166 2021 2200 Bellorum

1261 2212 1473 2255 instrumentis
1500 2212 1533 2245 in
1560 2213 1732 2247 altitudine
1757 2216 1945 2251 SanHuarii
1964 2218 2023 2260 su-

1261 2275 1319 2310 pra
1359 2273 1464 2309 corpus
1500 2263 1585 2296 beati
1624 2265 1731 2299 Petri.
1779 2266 1826 2300 Et
1863 2266 2022 2312 profet‘stb

1264 2313 1412 2362 legimus
1440 2313 1590 2348 multum
1621 2312 1891 2361 impedimenti,
1928 2318 2022 2352 mul-

1264 2376 1408 2411 tumque
1436 2362 1611 2398 molestiae
1652 2363 1827 2400 interdurn
1858 2379 1900 2401 ex
1929 2366 2024 2404 hisce

1264 2416 1351 2450 locis
1393 2413 1478 2448 hosti
1524 2413 1673 2461 objeffis
1715 2414 1813 2451 fuisse
1841 2413 2020 2455 inlatum.⁴

1268 2469 1304 2501 ln
1333 2465 1493 2501 Archivo
1522 2466 1766 2502 Nonantulani
1809 2466 2022 2505 Mutinenfis

1265 2515 1468 2552 Monasterii
1496 2513 1529 2551 se
1557 2516 1646 2551 mihi
1674 2517 1807 2552 obtulit
1849 2519 2021 2555 vetustum

1262 2567 1498 2618 apographum
1543 2566 1695 2616 §hartae
1739 2567 1928 2618 spef'tantis
1977 2569 2021 2606 ad

1879 2620 1972 2659 cele-
