2206 3131
256 236 279 275 7
290 234 306 262 1
319 235 338 275 3
520 217 886 262 DJSSERTATJO
934 217 1460 262 VIGESMMSEPTIMA
1469 230 1481 261 .·
1678 236 1701 274 7
1714 235 1763 275 14

195 276 250 313 nis
279 276 479 312 desiderium
510 275 559 312 ita
587 276 756 326 inspiravi
784 287 858 313 tum
885 281 950 313 Re-
975 281 1038 318 2A>
1061 277 1249 325 produffio.
1277 277 1318 313 In
1346 276 1475 326 postica
1501 275 1545 312 est
1568 276 1686 312 eadem
1710 278 1820 326 figura

198 327 382 363 verendiss.
414 329 449 362 P.
482 328 524 361 D.
545 329 749 364 Alexandro
777 328 953 376 Chiappi-

197 377 259 413 nio
281 376 413 412 Abbati
434 377 698 414 Canonicorum
726 380 952 426 Regularium

194 427 477 464 Lateranenfium
511 429 736 472 Placentiae,
766 438 839 464 tum
869 431 953 465 Mu-

195 477 290 513 tinae
319 477 494 524 peramico
522 478 600 513 viro
629 479 833 514 Alexandro
870 481 953 515 Ber—

195 526 397 569 tacchini0‚
435 540 472 564 ut
501 530 570 578 jam
600 538 744 577 uterque
772 543 842 565 non
871 543 953 564 con-

194 577 417 613 temnendam
447 580 583 628 copiam
612 579 811 627 hujusmodi
841 582 954 615 Num—

194 640 331 663 morum
361 628 398 663 in
427 628 483 665 sua
505 629 622 665 Musca
645 630 853 665 intulerint.
884 633 955 666 Ne-

197 691 264 725 que
301 679 480 714 molestum
524 680 668 717 LeElori
708 679 863 716 futurum
893 694 955 728 pu-

193 737 253 769 to,
295 728 317 763 fi
355 727 392 764 ὅ(
430 730 519 766 alios
564 731 730 779 quosdam
780 732 955 766 Nummos
997 739 1025 773 B

194 777 378 826 subjiciam
433 790 530 816 extra
579 781 719 817 Italiam
764 781 955 829 percussos,

195 841 281 876 quos
327 829 364 864 in
411 831 658 879 conquirendis
703 831 840 867 Italicis
885 831 956 868 sors

195 879 286 914 mihi
313 881 471 917 obtulit.

195 981 450 1026 ANGLIAE,
478 983 512 1018 8<
541 985 754 1019 SCOTIAE
784 985 954 1019 REGES.

301 1082 460 1118 Omaein
477 1083 602 1119 Museo
620 1083 825 1120 Sabbatinio
842 1087 955 1119 Num-

326 1145 401 1168 mus
429 1144 611 1181 argenteus
641 1134 784 1178 visitur,
828 1134 869 1169 ad
897 1147 955 1169 an—

194 1183 336 1229 tiquum
367 1196 472 1218 unum
503 1184 657 1232 Angliae
687 1187 816 1233 Regem
849 1184 953 1232 perti>

193 1243 301 1267 nens.
334 1235 369 1267 ln
399 1234 515 1269 antica
544 1244 639 1279 parte
668 1234 750 1269 haec
771 1234 956 1281 epigraphe

192 1282 345 1330 legitur:
377 1286 651 1319 COENVVLF
682 1286 800 1319 REX.
829 1284 868 1319 In
896 1297 953 1330 po-

193 1331 276 1366 stica
303 1331 366 1368 hae
393 1333 516 1369 literae
545 1343 710 1382 apparent
737 1335 783 1369 T.
812 1336 856 1369 A.
878 1336 955 1368 EA.

194 1382 368 1425 johannes
411 1385 621 1420 Bremtonus
665 1397 740 1433 pag.
771 1385 855 1432 796.
884 1384 953 1419 edi>

192 1433 304 1468 tionis
335 1435 589 1479 Londinenfis‚
627 1434 770 1478 scribit,
800 1435 955 1483 Sigeber-

195 1492 235 1518 to
264 1484 524 1520 westsaxonum
559 1489 650 1534 Rege
678 1485 821 1534 expulso
849 1487 956 1520 Anno

194 1531 329 1570 Christi
373 1538 608 1573 DCCLXIV.
650 1536 717 1581 ejus
762 1538 824 1570 loco
864 1540 954 1570 Ken-

194 1585 349 1626 wolsum‚
395 1586 542 1631 juvenem
578 1587 735 1634 egregium
772 1588 811 1621 de
850 1586 957 1632 Regia

185 1633 286 1680 stirpe
312 1637 498 1677 oriundum,
527 1639 560 1671 in
589 1642 707 1683 Regem
727 1636 822 1681 [ηραν
852 1640 953 1682 Popu-

193 1686 261 1719 lum
289 1687 478 1732 Westsaxiae
500 1687 593 1733 smffe
628 1686 777 1722 elec‘lum.
823 1688 953 1721 Verum

193 1747 266 1771 non
295 1735 352 1772 hic
380 1737 416 1773 in
447 1741 606 1774 Nummo
642 1737 834 1786 designatus
866 1736 955 1772 mihi

196 1786 378 1828 creditur,
416 1788 471 1825 sed
508 1789 703 1832 Coenvulfus
738 1787 953 1823 Merciorum

192 1834 232 1870 in
262 1837 445 1874 Britannia
475 1842 572 1878 Rex,
600 1839 661 1886 qui
690 1840 799 1874 Anno
822 1836 954 1873 Christi

197 1886 433 1923 DCCXCVI.
453 1889 624 1934 imperare
651 1888 786 1935 coepit.
815 1888 954 1923 Simeon

196 1937 439 1973 Dunelmenfis
475 1939 516 1975 de
553 1940 665 1975 Gestis
703 1941 837 1987 Regum
879 1940 954 1973 An—

198 1986 334 2033 giorum
365 1988 404 2023 ad
433 2002 511 2024 eum
541 1992 685 2025 Annum
707 1988 849 2024 scribit:
879 1992 957 2022 Coe-

197 2036 276 2079 nulf
286 2050 422 2084 quoque,
449 2050 539 2085 pater
559 2039 674 2074 SanHi
694 2038 841 2073 Kenelmi
862 2041 957 2073 Mar-

196 2087 300 2132 tyris,
338 2089 453 2123 debinc
492 2091 639 2125 diadema
680 2088 788 2134 Regni
821 2090 957 2122 Mercio-

196 2148 265 2170 rum
287 2138 420 2185 suscepit
443 2141 596 2186 gloriose,
633 2140 792 2185 tenuitque
831 2137 959 2173 invia-”ld

196 2187 338 2228 virtute,
381 2191 502 2236 potenti
537 2192 645 2237 vigore
673 2190 726 2234 [αἱ
758 2199 956 2236 potentatus.

195 2237 294 2274 Hinc
328 2239 421 2275 inter
447 2240 666 2277 Merciorum
704 2242 813 2288 Reges
850 2239 956 2274 Deci—

196 2300 274 2324 mus
302 2290 466 2337 quinfi’tus
494 2291 585 2337 fuit,
611 2293 646 2328 &
673 2303 782 2327 annos
806 2288 958 2338 viginti-

195 2349 349 2383 quatuor
384 2342 565 2389 regnavit.
604 2341 711 2392 Apud
748 2339 957 2377 Hickefium

197 2390 237 2426 in
279 2391 370 2425 Part.
411 2393 476 2427 111.
520 2393 692 2430 Thesauri
736 2391 957 2439 Linguarum

199 2439 570 2488 Septemtrionalium,
606 2444 701 2480 inter
736 2443 912 2479 Nummos
939 2455 959 2478 a

197 2490 398 2527 Co'e'nvulfo
424 2491 488 2527 isto
516 2495 712 2541 percussos,
750 2504 839 2528 unus
872 2505 956 2528 con-

198 2542 344 2591 spicitur
378 2554 546 2592 perquam
582 2543 706 2581 similis
736 2556 756 2580 a
781 2554 839 2580 me
863 2555 957 2581 nunc

1062 327 1285 375 triangularis
1305 355 1315 371 ,
1342 327 1497 364 diversae
1525 336 1642 363 tamen
1670 328 1747 364 sunt
1775 329 1824 364 li-

1062 388 1154 413 terae
1182 377 1422 424 interpositae.

1112 430 1217 471 Juvat
1244 428 1350 462 etiam
1382 428 1504 465 addere
1531 428 1616 465 duos
1645 431 1822 466 Nummos

1062 478 1103 513 ad
1146 478 1296 513 vetustos
1347 481 1455 526 Reges
1500 481 1621 528 Anglo
1668 482 1821 516 Saxones

1063 528 1279 576 speetantes‚
1316 527 1353 564 &
1394 532 1525 565 Romae
1560 529 1756 566 adservatos
1783 529 1822 565 in

1064 578 1187 613 Museo
1215 578 1438 614 eruditiffimi
1474 580 1617 627 Equitis
1647 580 1823 616 Francisci

1064 628 1241 664 ViGtorii.
1279 630 1319 665 In
1358 629 1472 677 priore
1509 631 1640 679 legitur
1665 633 1821 667 COEN-

1065 681 1198 715 VVLF
1237 682 1353 715 REX.
1396 680 1529 715 Postica
1575 680 1724 729 praefert
1760 681 1821 716 has

1064 730 1183 765 literas
1209 731 1256 765 A.
1285 738 1328 767 ω.
1355 732 1433 766 EA.
1461 731 1502 766 In
1539 732 1649 767 altero
1677 731 1824 767 habetur

1065 779 1147 815 haec
1184 779 1390 829 epigraphe:
1431 783 1560 817 OFFA
1599 784 1716 817 REX.
1755 784 1824 817 Po-

1064 829 1145 866 stica
1161 831 1326 866 exhibet:
1349 833 1588 868 EDELVAL
1602 859 1609 867 .
1631 833 1693 868 Sed
1713 845 1824 880 quan-

1065 881 1109 916 do
1146 880 1320 928 Anglicos
1358 890 1489 918 veteres
1528 884 1701 918 Nummos
1737 883 1823 918 illu-

1066 931 1184 966 stravit
1211 932 1391 966 fountaine
1418 933 1455 968 in
1478 932 1727 969 Differtatione
1747 934 1824 969 edi-

1066 983 1101 1016 ta
1137 982 1178 1016 ab
1231 982 1427 1027 Hickesio,
1474 982 1567 1019 nihil
1604 983 1700 1019 aliud
1744 983 1824 1019 sub-

1065 1032 1231 1080 jungam.

1116 1085 1290 1128 Quartum
1313 1085 1509 1120 Nummum
1530 1093 1731 1134 argenteum
1754 1084 1824 1122 Ti-

1065 1133 1136 1167 cini
1165 1133 1403 1174 adservatum,
1431 1136 1472 1170 ad
1493 1149 1548 1171 me
1572 1136 1689 1179 misit,
1715 1149 1823 1184 quum

1016 1200 1029 1223 ᾗ
1068 1182 1232 1221 vivebat,
1260 1183 1405 1219 Clariss.
1426 1186 1512 1219 oiim
1536 1186 1734 1221 Monachus
1759 1187 1825 1221 Be-

1066 1232 1263 1268 nedifi'cinus
1293 1235 1372 1269 Don
1401 1235 1531 1282 Gaspar
1560 1238 1738 1271 Beretum.
1768 1236 1823 1272 ibi

1065 1282 1218 1318 cernitur
1245 1293 1348 1331 caput
1378 1285 1481 1331 Regis
1510 1299 1588 1320 cum
1626 1287 1824 1333 circumpo-

1064 1332 1124 1367 sita
1153 1331 1405 1380 inscriptione:
1437 1337 1690 1371 HENRICVS
1719 1338 1761 1370 D.
1779 1339 1822 1371 G.

1065 1385 1181 1425 AGL,
1210 1386 1321 1419 FRA.
1359 1386 1425 1420 ET
1462 1387 1558 1421 Hlss.
1598 1388 1704 1422 REX.
1741 1387 1824 1422 idest

1064 1434 1216 1468 Hernicus
1237 1435 1300 1468 Dei
1315 1436 1426 1481 giutid
1447 1436 1614 1483 Angliae,
1643 1438 1822 1481 Fravzcise,

1064 1483 1109 1521 ἔφ’
1136 1483 1311 1518 Hiberniae
1339 1489 1428 1520 Rex.
1458 1486 1498 1521 In
1527 1486 1653 1534 postica
1679 1487 1825 1523 exhibe-

1063 1543 1120 1569 tur
1145 1533 1278 1582 insigne
1306 1537 1439 1583 Regum
1469 1537 1623 1584 Angliae
1661 1550 1738 1572 cum
1777 1537 1823 1573 li-

1063 1583 1145 1619 teris
1175 1586 1313 1620 POSVI
1342 1587 1486 1621 DEVM
1510 1588 1822 1623 ADIVTOREM

1065 1636 1239 1670 MEVM.
1268 1635 1326 1670 Ad
1354 1648 1542 1682 quemnam
1578 1650 1620 1671 ex
1659 1637 1825 1673 Henricis

1064 1684 1217 1733 Regibus
1263 1684 1393 1733 spefihet
1440 1687 1638 1731 Nummus,
1690 1688 1822 1723 eruditi

1064 1734 1226 1771 Britanni
1253 1734 1440 1771 decernant
1457 1763 1466 1771 .
1813 1766 1815 1769 .

1114 1785 1311 1830 Quinffium
1340 1787 1381 1822 ab
1408 1787 1528 1822 eodem
1558 1787 1646 1824 olim
1672 1788 1823 1835 perami-

1064 1848 1107 1873 co
1133 1835 1212 1871 viro
1240 1837 1382 1872 Beretto
1410 1837 1547 1885 accepi.
1588 1838 1692 1886 Regis
1720 1848 1823 1886 caput

1066 1885 1117 1922 ibi
1146 1885 1268 1922 visitur
1295 1899 1373 1921 cum
1396 1885 1651 1934 Inscriptione:
1683 1890 1824 1924 IAco-

1068 1938 1165 1972 BVS.
1194 1937 1480 1972 DEL—GRAtiass
1511 1939 1617 1973 REX.
1644 1940 1825 1974 SCOTo-

1067 1988 1198 2023 RVM.
1241 1986 1280 2022 In
1323 1989 1430 2023 altera
1472 1997 1567 2036 parte
1608 1987 1709 2025 Crux
1744 2002 1824 2025 cum

1066 2036 1199 2084 duplici
1226 2037 1434 2085 epigraphe,
1475 2051 1493 2073 e
1520 2038 1646 2085 quibus
1674 2052 1739 2075 una
1767 2040 1823 2077 his

1066 2087 1181 2122 verbis
1236 2087 1394 2123 constat:
1458 2090 1592 2125 DEVS.
1644 2092 1825 2126 PROTE-

1011 2149 1025 2169 τ
1067 2139 1216 2173 CTOR.
1243 2139 1388 2173 MEVS.
1418 2140 1493 2174 ET.
1520 2141 1823 2178 LIBERATOR.

1067 2190 1150 2224 Non
1179 2201 1264 2223 unus
1302 2188 1371 2223 fuit
1407 2191 1550 2225 Saeculo
1591 2189 1721 2226 Christi
1753 2194 1824 2228 De-

1066 2237 1309 2285 cimoquinffio
1337 2241 1518 2275 Scotorum
1549 2242 1624 2276 Rex
1652 2242 1819 2284 jacobus:

1064 2288 1208 2373 quihnam
1236 2302 1280 2326 ex
1314 2288 1361 2326 iis
1396 2288 1612 2341 designetur,
1658 2292 1822 2340 ignotum

1063 2351 1113 2375 nu
1141 2350 1179 2374 1.

1110 2594 1144 2629 x
1169 2605 1192 2631 x
1221 2598 1245 2638 a
1646 2580 1774 2634 ARA-
