2206 3131
285 227 346 281 3}
558 218 927 265 DISSERTATJO
972 217 1537 276 V1GESJMAQ1NCTA;
1749 239 1803 281 54

226 282 293 328 na,
321 282 443 319 Tomo
469 281 569 316 XIII.
607 282 686 315 Rer.
721 278 876 316 Italicar.
911 293 988 329 pag.
1028 283 1062 316 A
1104 279 1207 318 bens>
1236 279 1307 313 ait:
1339 281 1376 313 In
1403 279 1543 325 hyemale
1569 281 1742 318 triclinium
1768 283 1862 319 venia

231 346 338 381 1242.
365 332 486 368 auElm·
506 330 577 371 est,
604 331 809 366 Caminatam
836 331 991 372 Ecclesiae

227 383 369 427 Savicii,
389 382 578 429 firmsffimis
605 381 844 427 biscamilibus‚
864 381 990 427 firmis-

222 435 314 478 simis
354 433 490 480 undt'que
526 433 624 468 muris
648 433 803 475 siruc‘lam
829 431 988 477 corruiffe.

228 485 354 522 Unum
391 498 473 533 ergo
515 484 684 532 subjici0‚
727 483 895 520 videlicet
931 486 990 527 Jo-

228 535 379 572 hannem
416 536 458 571 de
493 538 601 579 Janua
632 535 778 570 Ordinis
809 535 990 571 Praedica-

229 595 297 623 tor.
318 586 355 622 in
383 585 443 621 suo
470 585 665 622 Catholico
686 586 849 621 Veneriis
873 586 990 625 edito,

231 638 273 673 ad
302 650 425 673 vocem
454 637 705 684 Epicaullorium
732 636 816 672 haec
844 636 986 672 habere:

231 687 492 730 Instrumenzum‚
541 689 623 734 quod
659 687 707 732 fit
750 688 845 732 super
889 688 992 734 ignem

230 739 338 783 cauſsa?
364 739 529 772 emittendi
550 739 703 781 fumum;
729 739 856 785 quibus
876 738 991 773 verbis

231 787 423 836 significare
464 788 605 823 videtur
645 789 781 835 ahquid
818 788 991 823 diversum

232 852 252 874 a
280 837 446 875 Caminis
465 865 476 880 ,
513 839 639 886 quibus
666 839 700 873 &
730 852 791 874 nos
819 839 860 874 ad
889 840 992 875 emit-

232 890 378 925 tendum
415 888 549 924 fumum
590 902 680 924 nunc
718 890 874 925 utimur.
912 891 993 924 Flo-

234 941 329 984 ruit‚
359 939 524 987 suumque
545 940 692 975 Librum
716 939 846 988 scripsit
865 941 992 984 Johan—

234 1004 294 1026 nes
322 990 381 1026 iste
411 994 517 1027 Anno
545 993 830 1027 MCCLXVIIL
860 994 994 1027 Contra

237 1041 360 1088 Papias
405 1041 690 1080 Grammaticus,
741 1041 803 1088 qui
855 1042 996 1077 circiter

234 1093 380 1127 Annum
418 1091 550 1129 Christi
591 1094 699 1128 MLI.
741 1091 898 1140 scripsit,
928 1095 994 1126 Fu-

234 1143 369 1177 marium
406 1143 456 1178 ita
500 1144 775 1191 interpretatur:
820 1148 996 1185 Cammus,

232 1203 290 1240 per
317 1207 404 1240 quem
439 1194 505 1228 exit
535 1194 660 1237 fumus.
699 1194 825 1238 Joanni
858 1207 997 1242 quoque

235 1244 398 1279 Villanio
427 1244 508 1280 Lib.
544 1247 712 1293 12.,Cap.
744 1257 823 1281 ιω.
864 1258 996 1280 men-10-

234 1304 356 1330 rantur
392 1296 600 1340 Fumajuoli.
638 1296 721 1331 idest
748 1296 916 1338 Camini‚
957 1296 997 1330 de

235 1346 362 1392 quibus
403 1359 494 1381 nunc
538 1346 627 1381 mihi
671 1347 802 1382 sermo.
849 1347 911 1381 Sed
956 1359 998 1380 ne

236 1395 321 1430 haec
350 1396 490 1442 quidem
520 1395 602 1430 satis
631 1395 708 1430 sunt
734 1397 773 1431 ad
798 1396 996 1442 persuaden—

237 1446 343 1484 dum,
382 1445 417 1480 in
457 1445 519 1481 hac
546 1459 581 1481 re
610 1446 710 1481 nobis
748 1447 912 1482 tradenda
940 1448 996 1480 de-

240 1505 359 1542 ceptos
388 1495 484 1530 fuisse
526 1496 716 1543 Scriptores
756 1497 853 1543 supra
881 1496 999 1531 lauda-

238 1553 321 1593 tos;
351 1558 429 1580 narn
459 1544 497 1580 &
526 1546 682 1593 antiquis
710 1547 842 1582 Seculis
875 1547 912 1581 in
941 1559 1000 1581 cu-

238 1595 345 1634 linis,
374 1595 521 1642 aliisque
548 1597 685 1632 aedium
715 1597 886 1632 cubiculis
907 1596 999 1645 ignis

240 1646 511 1685 accendebatur,
540 1660 578 1682 ac
606 1646 694 1682 fumi
723 1647 804 1683 inde
831 1647 999 1682 educendi

239 1710 283 1733 ne
314 1707 393 1732 tunc
421 1698 563 1745 quidem
607 1698 700 1733 ratio
727 1698 1000 1736 defiderabatur,

237 1761 437 1796 quanquam
467 1759 623 1794 tempora
651 1748 714 1784 illa
743 1748 908 1785 Caminis
938 1761 1000 1783 no—

236 1798 313 1834 stris
350 1802 385 1834 in
425 1798 555 1834 tenum
594 1799 700 1848 usque
737 1799 914 1848 produE'tis
944 1812 999 1834 ca-

239 1849 342 1886 ruiffe
382 1849 603 1886 statueremus
624 1877 633 1886 .
652 1876 654 1878 »
678 1850 841 1886 Fortaffis
862 1879 872 1895 ,
922 1849 999 1885 heic

239 1899 407 1948 inquias,
445 1914 513 1936 non
547 1913 730 1937 caruerunt
760 1901 911 1937 Romani
939 1913 1000 1935 an-

237 1950 357 1998 tiqui,
395 1965 501 1998 quum
545 1953 731 1989 Suetonius
768 1953 806 1988 in
846 1951 999 1988 Vitellio

237 2003 326 2050 Cap.
345 2004 377 2038 8.
398 2002 592 2051 scripserit:
623 2007 689 2038 Nec
708 2014 781 2039 ante
809 2004 843 2038 in
870 2007 1000 2038 Praeto—

238 2052 321 2086 rium
349 2053 464 2096 rediit,
491 2057 584 2100 qudm
603 2055 770 2101 flagrante
795 2055 936 2089 triclinio
966 2066 1001 2086 ex

239 2113 382 2146 conceptu
421 2105 577 2139 Camini.
631 2108 804 2139 Attamen
844 2106 878 2139 δε
919 2103 1002 2137 haec

241 2152 385 2188 obscura
422 2152 522 2188 sunt:
566 2155 706 2189 caminus
747 2154 842 2190 enim
883 2154 1000 2189 locum

241 2202 434 2250 significare
461 2203 665 2249 consuevit,
694 2205 754 2240 ubi
782 2204 875 2253 ignis
903 2217 1001 2252 para-

238 2261 295 2290 tus
324 2254 443 2294 ardet,
480 2254 577 2302 isque
618 2255 735 2291 ardere
775 2255 814 2291 in
840 2255 1002 2291 triclinio

237 2304 382 2354 potuit,
421 2306 576 2341 nondum
613 2306 826 2355 excogitatis
865 2305 1001 2354 vaginis

238 2355 340 2400 supra
367 2355 459 2392 reeta
487 2355 623 2393 fumum
643 2357 893 2401 educentibus,
918 2369 1001 2405 quas

239 2419 334 2442 nunc
361 2408 576 2456 appellamus
602 2409 779 2451 Caminos,
816 2407 854 2444 &
890 2410 1002 2444 Lom-

237 2456 378 2493 bardica.
406 2458 516 2493 nostra
543 2458 699 2495 dialecto
728 2462 839 2494 Canne
874 2458 1000 2492 de'Ca-

238 2508 343 2543 mini.
381 2509 604 2557 Apollinaris
653 2509 818 2545 Sidonius
854 2509 936 2545 Lib.
968 2519 1000 2543 z.

232 2557 391 2608 Epistola
418 2561 554 2609 prima,
593 2560 722 2597 villam
750 2560 846 2597 suam
872 2558 1000 2596 descri-

1102 339 1173 368 tur,
1200 329 1282 375 quod
1307 329 1456 364 arcuatili
1491 330 1624 363 Camino
1657 333 1750 379 saepe
1777 335 1867 381 ignis

1101 380 1263 415 animatus
1298 380 1392 426 pulla?
1424 379 1563 425 fuligine
1599 380 1724 424 infecit.
1761 385 1860 430 Quid

1103 430 1143 466 fit
1170 431 1334 466 arcuatilis
1360 431 1533 473 Caminus,
1563 430 1625 466 alii
1653 432 1864 472 decernant.

1102 483 1209 517 Certe
1237 495 1305 516 non
1334 480 1441 516 hocce
1482 482 1518 517 in
1547 480 1704 518 Camino
1733 484 1865 520 nostro-

1103 546 1180 568 rum
1217 533 1449 568 Caminorum
1487 532 1634 568 formam
1672 534 1864 583 deprehen-

1104 583 1184 622 das,
1211 596 1319 631 quum
1342 584 1486 619 arcubus
1508 584 1699 624 constaret,
1728 584 1765 621 &
1788 587 1866 634 pul-

1108 635 1140 669 la
1176 634 1328 683 caligine
1365 633 1562 670 triclinium
1611 634 1865 683 nigrefaceret.

1104 685 1325 733 Hypocausta
1361 698 1499 733 quoque
1539 685 1552 733 (
1582 699 1670 735 quae
1712 688 1868 735 appella-

1104 749 1180 771 mus
1207 736 1327 783 Stufe)
1356 749 1374 771 a
1402 736 1527 783 quibus
1555 750 1614 783 per
1642 738 1783 773 tubulos
1804 752 1865 786 pa—

1103 787 1250 822 rietibus
1296 787 1467 822 immissos
1513 787 1727 823 ministratur
1769 790 1865 825 calor

1105 851 1164 885 per
1200 837 1361 873 cubicula
1398 851 1574 886 quaeque,
1621 851 1692 873 non
1720 839 1864 876 defuisse

1104 887 1283 935 antiquis,
1329 889 1457 924 docent
1498 903 1560 925 nos
1597 891 1722 924 Seneca
1758 891 1868 937 Epst.

1104 951 1164 987 90.
1188 940 1324 975 Plinius
1354 940 1470 987 junior
1489 940 1571 976 Lib.
1595 952 1626 975 2.
1648 940 1754 985 Epist.
1785 954 1866 989 17.‚

1107 1001 1209 1037 atque
1221 990 1313 1025 idem
1328 992 1549 1038 Apollinaris
1566 992 1728 1026 Sidonius
1746 992 1866 1028 carm.

1108 1052 1165 1075 22..
1201 1039 1363 1075 Fortaffis
1405 1041 1512 1075 etiam
1549 1042 1738 1075 Caminatae
1775 1042 1868 1078 nihil

1107 1090 1201 1125 aliud
1231 1089 1345 1130 fuere,
1375 1090 1435 1125 nisi
1465 1090 1592 1140 species
1622 1092 1836 1136 Hypocausti
1856 1122 1868 1137 ‚

1108 1140 1176 1175 slve
1202 1141 1314 1184 Stufe.
1356 1143 1474 1187 Quare
1516 1142 1626 1176 donec
1656 1143 1870 1180 luculentius

1108 1201 1292 1240 appareat,
1330 1205 1372 1227 an
1402 1192 1557 1240 antiquis
1587 1193 1718 1228 Seculis
1747 1195 1872 1230 Cami-

1109 1243 1145 1278 ni
1174 1242 1277 1277 nostri
1299 1242 1335 1277 in
1358 1242 1417 1278 usu
1439 1243 1591 1287 fuerint,
1621 1245 1775 1286 neganda
1802 1246 1869 1281 mi-

1109 1293 1204 1328 nime
1242 1291 1324 1328 fides
1362 1294 1406 1328 est
1443 1294 1679 1341 Scriptoribus
1702 1322 1710 1333 .
1747 1309 1869 1332 eorum

1109 1345 1293 1378 inventurn
1337 1344 1514 1391 posteriori
1557 1357 1644 1379 aevo
1681 1344 1874 1382 tribuenti-

1111 1395 1192 1428 bus.
1225 1392 1383 1439 Denique
1411 1393 1468 1428 etfi
1491 1393 1659 1443 ejusmodi
1683 1395 1870 1433 inventum

1111 1445 1213 1491 longe
1234 1454 1313 1478 ante
1333 1444 1529 1480 Gualvanei
1545 1472 1553 1488 ,
1582 1444 1636 1480 seu
1660 1447 1845 1483 Ricobaldi
1860 1476 1869 1494 ‚

1112 1507 1149 1529 ac
1177 1494 1237 1528 sub
1264 1493 1343 1541 ipfis
1368 1495 1536 1529 Romanis
1558 1508 1671 1531 rerum
1693 1497 1870 1538 dominis,

1112 1553 1234 1578 notum
1264 1556 1302 1578 ac
1324 1543 1523 1593 usurpatum
1546 1544 1683 1589 fuisset,
1712 1546 1787 1583 fieri
1810 1562 1873 1596 po-

1112 1594 1210 1637 tuit,
1248 1604 1288 1630 ut
1328 1594 1488 1630 Barbaris
1525 1595 1562 1630 in
1591 1596 1697 1632 Italia
1724 1611 1872 1646 regnan-

1112 1645 1227 1684 tibus,
1271 1658 1309 1680 ac
1347 1646 1503 1681 moribus
1546 1645 1698 1682 nimium
1730 1649 1872 1686 rudibus

1112 1696 1149 1730 in
1178 1695 1338 1731 Italicam
1368 1706 1505 1744 gentem
1536 1696 1709 1741 invectis,
1747 1701 1872 1736 Cami-

1113 1760 1174 1781 nos
1202 1747 1421 1794 neglexerint
1449 1748 1596 1794 majorcs
1624 1748 1759 1794 nostri,
1797 1751 1874 1787 bre-

1113 1796 1206 1832 viori
1251 1797 1307 1832 via
1348 1810 1408 1844 per
1447 1797 1626 1834 fenestram
1673 1799 1710 1835 in
1740 1801 1874 1848 pariete

1112 1857 1265 1892 apertam
1294 1847 1512 1883 excludendo
1540 1849 1695 1885 fumum.
1734 1852 1874 1887 Fortas-

1113 1897 1152 1933 fis
1179 1898 1287 1934 etiam
1316 1899 1495 1933 Caminatis
1523 1898 1633 1948 Reges
1661 1900 1744 1940 uni,
1788 1903 1874 1939 Pro-

1113 1962 1230 1988 ceres,
1257 1962 1296 1984 ac
1324 1949 1495 1985 Monachi
1524 1949 1569 1985 ufi
1598 1949 1762 1987 fuerunt:
1794 1955 1875 1990 vul-

1113 2013 1174 2048 gus
1203 2002 1307 2041 vero,
1336 1998 1391 2035 seu
1422 2002 1595 2049 Populus,
1623 2000 1664 2037 de
1684 2016 1754 2050 quo
1776 2016 1874 2051 prae-

1114 2049 1232 2086 sertim
1270 2050 1439 2086 Historici
1480 2051 1536 2087 illi
1566 2062 1697 2100 agunt,
1741 2053 1872 2092 minori

1080 2139 1081 2142 Ἴ
1115 2100 1231 2137 sumtu
1267 2100 1402 2137 fumum
1432 2115 1449 2137 e
1477 2102 1576 2137 cellis
1605 2102 1672 2138 suis
1702 2104 1873 2142 exclufit.

1115 2154 1220 2187 Certe
1260 2152 1433 2195 Johannes
1474 2153 1515 2187 de
1557 2152 1681 2188 Muffis
1727 2155 1759 2189 8(
1803 2155 1874 2204 ipse

1116 2202 1312 2239 Historicus
1340 2202 1454 2239 seculi
1501 2204 1597 2239 XIV.
1629 2202 1664 2238 in
1706 2206 1878 2243 Chmnic.

1118 2254 1312 2289 Placentin.
1336 2255 1455 2288 Tomo
1484 2255 1580 2288 XVI.
1611 2256 1687 2290 Rer.
1719 2256 1874 2294 Italicar.

1117 2317 1191 2352 pag.
1215 2307 1297 2349 582.
1324 2302 1569 2339 auctoritatem
1598 2305 1696 2341 addit
1718 2308 1874 2344 Gualva-

1115 2355 1173 2390 nei
1193 2355 1329 2393 verbis,
1351 2353 1498 2390 scribens
1518 2356 1560 2391 de
1579 2357 1762 2394 retroafflis
1785 2367 1874 2395 tem-

1117 2405 1277 2453 poribus:
1309 2407 1346 2439 In
1372 2404 1485 2452 quillus
1511 2407 1655 2441 domibus
1679 2410 1802 2443 nullum
1823 2410 1877 2453 so-

1115 2457 1200 2490 lebat
1226 2454 1282 2502 effe
1301 2458 1469 2490 Caminum
1480 2470 1500 2498 ;
1527 2458 1601 2503 quia
1620 2469 1693 2491 time
1714 2459 1878 2501 faciebant

1116 2511 1212 2541 urium
1239 2507 1340 2553 ignem
1367 2509 1492 2541 tandem
1520 2509 1552 2540 in
1573 2508 1672 2541 medio
1690 2512 1797 2543 domus
1817 2505 1878 2553 [tib

1116 2558 1200 2604 cupis
1237 2557 1333 2594 τεῦἷί.
1370 2560 1419 2593 Et
1453 2571 1557 2593 omnes
1589 2560 1630 2595 de
1661 2559 1754 2595 aridia
1788 2563 1877 2596 domo

1168 2610 1204 2643 D
1231 2620 1253 2643 z
1755 2610 1827 2653 sta-
