2206 3131
398 276 482 326 219
665 264 1112 323 ANTIQUJT.
1163 262 1424 308 MEDII
1472 263 1662 307 AEVI
1845 278 1928 309 220

339 318 580 368 Princ1patum
598 346 608 361 ‚
636 322 729 359 vires
757 323 798 358 ad
827 336 919 360 nova
947 324 1101 360 molien-

335 369 377 404 da
407 372 611 418 potentibus
639 373 791 409 Civibus
819 375 1015 424 eripiendas
1035 375 1098 410 du·

333 431 485 459 xerunt.
515 426 623 459 Anno
653 426 864 462 MCXCVI.
887 435 926 462 ut
953 440 996 463 ex
1021 429 1098 462 An-

334 472 473 509 nalibus
501 473 738 511 Genuensibus
765 476 848 513 Lib.
872 489 904 523 3.
930 478 1098 521 habetur,

333 522 453 559 Tomo
477 527 538 559 VI.
564 528 639 561 Rer.
664 526 816 563 Italicar.
842 528 981 564 Drudus
997 528 1098 564 Mar-

332 574 482 610 cellinus
522 576 755 614 Genuenfium
801 579 951 614 Potestas
986 580 1098 626 super-

325 623 478 669 fluitates
519 628 713 673 Turrium,'
737 643 814 677 quas
840 641 895 675 pro
921 630 1006 664 velle
1042 630 1099 674 suo

332 675 464 721 quidam
505 680 602 712 Cives
628 691 734 716 contra
759 681 881 715 licitum
915 680 962 718 θ’
989 680 1099 723 consii-

333 727 484 761 tutionem
505 731 752 766 Communitatis
770 731 1000 774 construxerant
1010 757 1020 772 ‚
1044 736 1100 766 tle-

1140 328 1172 363 A
1218 321 1396 370 jugulatae
1438 336 1476 358 ac
1519 323 1688 371 depressae
1714 350 1725 367 ,
1778 335 1847 358 non
1892 326 1985 360 ultra

1216 374 1473 422 quinquaginta
1502 375 1642 410 cubitos
1670 373 1849 410 ascendere
1880 375 1986 422 juffae

1217 423 1316 460 sunt.
1355 427 1400 460 Et
1439 425 1596 474 prochib
1633 437 1804 472 quantum
1844 424 1914 468 spei
1943 425 1981 461 in

1215 475 1384 511 Turrium
1415 476 1582 526 praesidio
1611 486 1768 526 tempore
1797 477 1881 512 belli
1910 477 1986 512 col·-

1214 526 1415 567 locaretur,
1457 541 1499 563 ex
1543 541 1585 564 eo
1627 528 1835 577 intelligas,
1888 527 1983 577 quod

1214 590 1281 612 una
1309 578 1434 613 Turris
1464 592 1526 622 pro
1554 581 1647 613 Arce
1676 580 1895 628 habebatur3
1940 578 1979 616 ὃ(

1213 628 1504 675 quotiescumque
1551 630 1688 664 annona
1709 656 1720 674 ,
1773 631 1979 676 militibus,

1213 678 1387 726 armisque
1431 679 1568 715 munita
1611 680 1695 715 haec
1737 679 1818 715 satis
1860 680 1978 722 foret,

1210 729 1271 765 diu
1300 729 1491 770 resistebat,
1538 740 1643 777 atque
1682 730 1978 778 impedimentum

334 777 461 818 moliri,
482 779 526 812 (9'
545 784 590 815 ad
607 793 722 817 certum
741 785 864 817 modum
884 785 997 830 pedum
1017 782 1100 816 0770-
1142 781 1184 824 Β
1210 794 1280 815 non
1318 782 1395 816 leve
1425 781 1577 816 hostibus
1619 780 1795 817 adferebat
1810 809 1817 817 .
1865 782 1983 818 Pluri-

331 828 429 874 ginta
465 830 569 877 redigi
599 832 696 876 secie.
739 833 795 869 Ita
835 836 944 870 Anno
973 836 1100 869 MCC-

336 880 450 914 XXV.
468 882 606 923 Potestas
634 885 786 919 Mutinae
810 885 884 928 fecit
910 886 997 920 dirui
1018 889 1101 920 Tur-

334 941 383 963 res
419 930 452 964 in
489 933 636 968 Civitate
671 935 845 977 Mutinae,
879 945 919 971 ut
955 936 1103 971 habetur

333 979 372 1016 in
402 982 572 1018 Annalib.
596 987 714 1020 Veter.
737 985 838 1034 hujus
862 985 996 1029 Urbis,
1024 989 1100 1022 To-

335 1044 396 1066 mo
439 1034 500 1069 XI.
544 1036 622 1070 Rer.
660 1036 862 1072 Italicarum
900 1038 1100 1085 evulgatis.

288 1084 289 1088 ’
335 1083 461 1130 Neque
503 1083 596 1121 secus
638 1086 676 1122 in
716 1087 815 1123 Urbe
854 1088 1001 1124 Lucensi
1030 1090 1100 1123 Ca-

334 1132 500 1170 struccius
545 1137 626 1171 Dux
654 1148 806 1172 trecentas
842 1142 985 1183 Turres,
1027 1140 1099 1175 Te-

335 1183 452 1232 grimo
481 1185 560 1222 teste
589 1187 625 1222 in
654 1188 727 1235 ejus
750 1189 855 1229 Vita,
884 1190 1099 1238 reliquarum

292 1242 295 1247 “
337 1235 476 1271 aedium
505 1237 609 1273 teffls
651 1240 837 1287 aequavit.
880 1240 954 1286 Ipse
991 1234 1182 1283 etiam³C5

337 1286 508 1322 Turrium
546 1288 668 1335 sponte
705 1291 882 1326 ruentium
919 1292 1034 1327 facilis
1063 1305 1101 1327 ac

337 1335 471 1372 summe
508 1339 723 1385 perniciosus
760 1341 925 1376 interitus
965 1342 1102 1377 Princi-

336 1400 395 1433 pes
423 1388 601 1433 interdum
641 1399 700 1425 aut
728 1390 954 1439 Magistratus
986 1392 1102 1435 impu—

338 1439 384 1473 lit
412 1438 453 1474 ad
482 1440 635 1485 reliquas
673 1441 784 1477 adhuc
812 1442 936 1478 stantes
966 1442 1103 1478 exscin-

338 1488 492 1525 dendas.
545 1493 675 1528 Turres
723 1506 863 1540 quoque
914 1494 1103 1530 Nobilium

338 1541 627 1578 florentinorum
647 1571 656 1584 ,
685 1552 724 1579 ut
753 1543 872 1580 scribit
902 1544 1000 1580 supra
1029 1546 1104 1580 lau-

338 1590 438 1625 datus
470 1593 686 1628 Ricordanus
717 1607 825 1641 quum
861 1597 1013 1642 Populus
1042 1595 1103 1630 do-

340 1640 576 1678 minationem
599 1645 769 1693 arripuit,
800 1646 944 1694 publico
965 1648 1105 1682 decreto

1180 836 1184 847 '
1209 831 1276 867 mis
1304 831 1341 867 in
1370 831 1458 867 lo‘is
1486 845 1606 868 eorum
1637 840 1833 880 temporum
1859 832 1981 869 Histo-

1209 882 1259 918 ria
1307 883 1448 931 prodit,
1504 897 1574 919 non
1619 896 1744 931 paucos
1785 884 1874 920 olim
1904 884 1979 920 dies

1208 933 1380 970 insumros
1430 934 1529 970 fuiffe
1577 936 1619 970 ab
1670 934 1882 970 exercitibus
1939 934 1982 970 ad

1209 998 1313 1021 unam
1335 986 1481 1021 Turrim
1503 986 1769 1034 expugnandam
1784 1013 1792 1021 .
1822 988 1876 1020 Ac
1898 998 1980 1033 pro-

1210 1045 1326 1082 pterea
1356 1036 1553 1072 mirandum
1586 1050 1654 1072 non
1685 1036 1751 1079 est,
1781 1036 1801 1071 fi
1825 1047 1896 1071 tam
1929 1035 1983 1071 so-

1210 1086 1310 1122 li-ita
1340 1089 1464 1123 Seculo
1495 1089 1574 1123 XII.
1603 1086 1816 1123 Mutinensis
1850 1086 1982 1132 Respu-

1210 1138 1302 1173 blica
1331 1137 1460 1177 fuerit,
1498 1148 1538 1174 ut
1566 1151 1658 1174 nova
1687 1139 1813 1173 Turris
1843 1138 1980 1173 extita-

1209 1198 1304 1224 retur
1331 1188 1368 1224 in
1397 1189 1519 1224 Castro
1549 1189 1696 1225 Badiani
1736 1189 1859 1235 (nunc
1886 1192 1980 1232 Bm<-

1210 1242 1320 1287 zano)
1363 1239 1455 1288 quod
1499 1240 1536 1275 in
1579 1254 1662 1289 agro
1706 1240 1898 1274 Mutinensi
1938 1240 1980 1274 ab

1210 1291 1367 1338 antiquis
1396 1291 1530 1326 Seculis
1558 1290 1659 1327 fitum
1690 1290 1782 1334 fuit,
1820 1290 1874 1325 sed
1917 1289 1983 1325 fer-

1211 1350 1316 1376 vente
1355 1341 1466 1389 postea
1509 1343 1604 1376 bello
1641 1353 1825 1388 ereptum,
1870 1340 1982 1376 adhuc

1212 1391 1272 1425 sub
1301 1391 1375 1438 jure
1404 1391 1631 1427 Bononiensis
1655 1392 1883 1439 Reipublicae
1907 1405 1984 1438 per-

1216 1441 1371 1477 severat.
1401 1442 1569 1478 Chartam
1601 1456 1642 1478 ex
1675 1442 1835 1477 Archivo
1864 1441 1984 1477 Muti-

1215 1491 1324 1528 nensis
1355 1493 1462 1528 Urbis
1490 1493 1696 1540 descriptam
1728 1494 1841 1541 legere
1869 1492 1983 1527 nemi-

1215 1556 1321 1586 nem,
1361 1553 1400 1578 ut
1428 1543 1549 1589 spero,
1592 1544 1755 1592 pigebit,·
1780 1557 1846 1589 qua
1878 1542 1985 1590 polli-

1215 1594 1279 1628 citi
1310 1593 1387 1628 sunt
1417 1594 1648 1630 Badffanenses
1686 1594 1719 1630 se
1761 1594 1909 1630 Turrim
1937 1595 1985 1630 il-

1215 1646 1286 1680 lam
1315 1644 1589 1681 construf‘turos.

490 1769 677 1828 Qualiter
709 1771 891 1815 homines
922 1773 969 1814 de
1002 1776 1159 1815 Bazano
1193 1773 1321 1826 jurant
1361 1771 1485 1813 facere
1518 1787 1637 1816 unam
1670 1770 1837 1814 Turrim

802 1831 844 1874 in
878 1834 1015 1875 Castro
1046 1833 1216 1886 Bazani,
1249 1835 1371 1873 Anno
1408 1839 1531 1874 1180.

419 1951 465 1984 Go
501 1949 572 1992 iure
603 1949 705 1994 facere
741 1949 787 1988 &³
821 1950 966 1996 perficere
1001 1965 1105 1987 unam
1136 1953 1183 1995 TD
1215 1950 1394 1993 situdinis,
1424 1950 1613 1984 altitudinis
1640 1959 1686 1987 ξφ
1713 1948 1921 1992 latitudinis,
1949 1957 1985 1983 ut

446 2003 591 2037 Turrim
622 2000 658 2035 in
687 1999 811 2036 Castro
842 2002 1016 2042 Badiani,
1045 2003 1106 2038 ubi

341 2053 492 2090 Potestas
522 2052 714 2096 Mutinae,
755 2052 932 2088 Dominus
971 2053 1106 2090 scilicet

341 2105 514 2141 Gerardus
545 2106 753 2151 Raugonus,
782 2102 820 2138 &
846 2102 1021 2140 Consules
1044 2119 1106 2141 vo-

341 2156 473 2192 luerint
515 2168 577 2203 pro
615 2154 721 2190 modo
761 2155 794 2189 8<
837 2155 1028 2191 latitudine
1066 2155 1103 2193 &

342 2205 563 2242 crassitudine
583 2207 709 2242 Turris
732 2206 945 2242 Pafl'avancii
970 2207 1010 2242 de
1032 2206 1104 2244 Ca-

343 2257 513 2297 randulo,
551 2258 607 2291 vel
645 2257 839 2294 crassiorem
867 2258 901 2293 &
940 2259 1102 2295 latiorem

343 2307 402 2344 seu
438 2306 544 2342 etiam
588 2306 782 2346 breviorem
822 2323 884 2359 pro
920 2311 1105 2347 voluntate

343 2358 528 2395 Potestatis
557 2358 590 2392 8<
623 2356 819 2397 Consulum
858 2360 1050 2401 Mutinae,
1087 2355 1133 2397 a!

1216 2002 1314 2046 supra
1355 2001 1494 2047 legitur.
1531 2002 1570 2036 Si
1609 2004 1694 2036 Deus
1731 2000 1872 2045 adjuvat
1913 2014 1985 2038 me,

1221 2053 1264 2087 (9¹
1288 2051 1401 2096 [αηὲἶα
1431 2053 1491 2086 Dei
1528 2052 1742 2097 Evangelia.
1781 2055 1848 2085 Hoc
1881 2051 1988 2094 sacra-

1221 2114 1357 2137 mentum
1381 2103 1519 2145 fecerunt
1549 2105 1753 2146 Pegolottus‚
1794 2102 1987 2145 Marucim,

1221 2160 1262 2188 (9
1291 2155 1449 2189 Cor-uului
1478 2154 1629 2195 Consules
1647 2158 1685 2187 de
1706 2155 1877 2191 Badiam,
1906 2155 1988 2186 Ber·

1222 2207 1339 2240 nardus
1369 2206 1509 2239 Ribaldi
1538 2205 1609 2242 &aa

1271 2253 1396 2291 ,Aflum
1426 2256 1456 2287 in
1485 2255 1594 2290 Caum
1625 2254 1771 2288 Badiam'
1796 2258 1899 2289 Anno
1921 2256 1989 2289 Do-

1221 2306 1303 2342 mr'm'
1346 2308 1552 2340 MCLXXX.
1594 2305 1766 2339 lnataione
1810 2307 1904 2340 XIII.
1946 2309 1989 2338 0-

1222 2357 1316 2393 Havo
1336 2355 1383 2394 ἄν
1410 2358 1551 2400 septimo
1578 2358 1746 2391 Kalendas
1773 2355 1989 2401 Septembris,

343 2411 505 2450 Kalendis
519 2410 679 2455 Januarii
704 2414 838 2455 proximi
856 2413 950 2460 usque
969 2415 1012 2448 ad
1031 2415 1107 2447 duos
1152 2409 1182 2443 E
1222 2410 1274 2444 die
1303 2412 1392 2443 Lune
1420 2408 1461 2441 (9·
1488 2408 1540 2441 die
1576 2407 1722 2446 Martis,
1760 2406 1793 2439 in
1832 2405 1989 2452 presentia

342 2477 442 2502 annos
469 2463 623 2507 expletos.
653 2465 700 2497 Et
725 2464 824 2499 aliam
855 2465 984 2499 Turrim
1016 2464 1107 2506 simi-

344 2517 404 2550 lem
434 2516 465 2547 in
494 2517 595 2548 eodem
622 2515 755 2555 Castro,
793 2516 847 2548 ubi
883 2517 1033 2551 Consules
1061 2515 1108 2555 όν

344 2565 493 2603 Reflores
541 2565 694 2600 Mutinae
733 2565 893 2602 voluerint
934 2569 1025 2602 illinc
1063 2569 1109 2602 ad

345 2627 477 2666 quatuor
502 2629 600 2652 annos
626 2618 781 2664 expletos,
802 2618 1007 2666 supradia‘iae
1024 2619 1107 2665 cras-

1194 2457 1198 2521 Ἰ
1225 2459 1355 2496 Domini
1381 2457 1517 2495 ,Atheni
1544 2459 1581 2492 de
1609 2458 1818 2503 Peldeguerra
1841 2456 1988 2499 Consulis

1226 2511 1386 2551 Mutine,
1424 2510 1478 2554 qui
1513 2525 1532 2544 a
1566 2507 1761 2554 supradic‘ffis
1799 2509 1988 2547 Consulibus

1226 2565 1265 2599 de
1292 2564 1439 2598 Badiano
1477 2573 1584 2600 venam
1622 2560 1835 2607 quadraginta
1869 2559 1986 2592 Libra-

1227 2628 1297 2650 rum
1323 2613 1537 2663 Imperialium
1560 2625 1617 2660 pro
1642 2611 1808 2647 commum·
1834 2610 1987 2645 Mutinae

1829 2661 1935 2711 stipu-

1946 2722 1982 2777 a
