2206 3131
407 251 488 291 υς
672 238 1116 299 ANTIQUJT.

340 291 622 332 Commentariis
650 298 765 335 MStis
797 299 838 335 ad
868 298 1107 336 Comoediam

339 343 493 390 Danris,
540 347 646 384 editis
683 348 720 384 in
769 349 835 386 hoc
863 350 938 399 ipso
966 353 1107 399 Opere.

338 393 524 443 Ejusmodi
553 400 685 435 Turres
713 399 814 446 casu,
843 415 882 438 ac
910 402 1103 438 deficienti-

340 444 403 482 bus
447 447 711 496 fundamentis,
753 451 792 487 in
831 453 923 489 latus
955 453 1108 502 integras

338 496 524 535 declinasse
536 500 700 546 opinatus
711 501 756 537 est
766 503 908 540 Clariss.
922 504 1105 540 Montfau—

338 549 462 585 conius
485 550 521 584 in
546 551 670 587 Diario
691 554 843 603 Italic03
866 554 920 589 sed
937 556 975 589 ea
993 554 1106 602 reapse

339 599 575 637 archite&ur‘‹'i
603 601 766 640 fundatae
794 605 836 640 ab
859 605 939 640 aliis
960 605 1106 641 credun—

339 657 418 691 tur,
457 661 495 688 ut
532 666 550 688 a
586 653 750 690 consueta
786 665 977 692 ceterarum
1012 658 1104 692 Tur—

339 701 433 738 rium
476 702 589 740 forma
631 706 854 743 recederent.
896 707 1019 755 Itaque
1048 707 1104 742 vel

339 751 377 788 in
405 752 478 802 ipsa
509 755 604 791 Urbe
632 767 770 794 aeterna
809 758 844 793 id
877 772 983 807 genus
1011 760 1103 794 Tur-

338 816 418 843 res,
448 814 487 840 ut
515 805 565 842 ita
595 806 735 854 dicam,
773 809 917 845 bellicas
945 811 1104 858 complu—

339 867 392 890 res
443 855 572 893 intueri
616 859 705 895 olim
749 860 905 896 licebat.
948 862 987 895 In
1035 874 1105 896 uno

337 905 492 953 ejusdem
540 907 717 946 Civitatis
774 912 890 956 Burgo
912 938 921 955 ‚
968 911 1104 947 sedente

341 955 505 993 Martino
534 961 577 994 V.
613 962 723 1009 Papa,
766 960 971 996 eminebant
1011 964 1100 998 Tur-

338 1021 392 1044 res
421 1009 651 1058 quadraginta
697 1021 848 1059 quatuor
885 1025 963 1048 curn
992 1015 1105 1047 Meru—

339 1059 417 1099 liis,
439 1060 506 1095 live
535 1061 642 1097 minis
670 1063 984 1109 quatuor-millibus
1020 1077 1104 1111 qua-

338 1109 536 1158 dringentis
575 1112 805 1160 quadraginta
845 1123 1022 1161 quatuor,
1053 1114 1103 1150 uti

338 1159 443 1196 docet
471 1162 660 1210 Turriqius
702 1164 739 1198 in
769 1163 869 1200 Libr.
899 1165 940 1200 de
979 1167 1104 1211 Crypt.

339 1211 506 1248 Vatican.
545 1215 635 1249 Part.
667 1227 698 1250 2.
741 1228 816 1264 pag.
849 1228 935 1263 407.
979 1216 1106 1250 Turrim

338 1263 511 1307 Crescentii
538 1264 588 1299 ibi
617 1264 835 1301 aedificatam
866 1280 935 1301 non
966 1280 1102 1302 moror:

338 1313 425 1348 haec
467 1314 561 1349 enim
602 1315 740 1361 publica
769 1330 819 1351 res
848 1316 942 1356 fuir,
982 1331 1105 1364 nempe

338 1364 494 1399 Adriani
533 1367 671 1405 Moles,
714 1379 804 1401 nunc
846 1367 981 1409 castello
1010 1367 1105 1402 Sant’

340 1415 496 1462 Angelo.
535 1429 638 1463 quam
677 1426 884 1464 occupatam
922 1430 960 1452 ae
990 1418 1102 1453 muni-

340 1475 414 1501 tam
444 1480 462 1501 a
490 1464 719 1507 crescentio,
751 1469 904 1506 Populus
932 1469 1021 1503 nova
1047 1482 1106 1513 ap-

342 1516 538 1564 pellatione
575 1517 745 1554 donavit.
790 1521 874 1554 Erat
911 1518 962 1554 ibi
993 1518 1107 1567 (teste

344 1568 544 1602 Romualdo
582 1569 824 1613 Salernitano,
862 1572 982 1604 Tomo
1025 1572 1107 1604 V11.

342 1619 423 1653 Rer.
447 1618 560 1653 Italic.
589 1632 662 1667 pag.
690 1622 772 1655 208.
795 1620 807 1667 )
849 1623 964 1654 Turres
1005 1621 1104 1654 Char—

341 1668 484 1710 talaria,
527 1669 564 1703 in
614 1682 717 1717 quarn
765 1669 797 1705 se
838 1670 970 1711 recepit
1000 1673 1106 1705 Anno

342 1721 573 1756 MCLXVII.
628 1721 829 1756 Alexander
879 1723 942 1756 111.
991 1723 1106 1768 Papa.

341 1772 446 1806 Hanc
484 1769 644 1818 spectasse
682 1771 722 1806 ad
762 1771 917 1807 nobilem
948 1770 985 1807 &
1013 1772 1104 1808 anti-

340 1820 540 1868 quiffimam
594 1824 858 1870 Frangepanurn
905 1821 1106 1862 familiam,

341 1872 514 1908 Batonius
543 1883 644 1908 antea
673 1873 832 1908 monuit.
862 1872 902 1909 In
927 1872 1107 1921 Opusculo

339 1936 481 1971 quoque
528 1921 774 1972 descriptionis
815 1923 928 1959 Urbis
976 1926 1106 1959 Roma—

340 1987 428 2015 nae,
465 1973 558 2022 quod
587 1974 624 2009 in
653 1975 787 2010 Codice
815 1972 943 2009 Cencii
978 1977 1104 2010 Came-

338 2024 424 2061 rarii
463 2024 605 2060 circiter
643 2027 787 2060 Annum
821 2027 995 2061 MCXCI.
1023 2039 1104 2061 exa-

337 2086 418 2112 -rato
446 2075 537 2124 legi,
568 2073 603 2111 &
634 2074 779 2111 Clariis.
812 2075 1103 2111 Montfauconius

339 2127 378 2163 in
408 2126 467 2162 suo
498 2127 622 2162 Diario
650 2127 778 2162 Italico
807 2126 1012 2175 evulgavit,
1052 2141 1104 2162 re—

342 2178 498 2212 censetur
526 2177 847 2225 Templum'Jani‚
903 2179 985 2224 quod
1026 2192 1105 2213 nunc

340 2228 458 2263 dicitur
485 2229 597 2262 Turris
625 2228 734 2264 Centii
775 2228 996 2272 Fraiapanis‚
1039 2228 1103 2264 hoc

343 2279 389 2315 est
417 2279 524 2313 altera
552 2279 678 2315 Turris
706 2279 747 2314 ad
776 2279 931 2315 eamdem
954 2282 1103 2327 Frange-

340 2342 470 2380 panum
511 2339 649 2377 gentem
689 2330 885 2377 pertinens.
935 2330 988 2365 Ibi
1018 2344 1103 2377 quo-

341 2395 412 2430 que
438 2379 589 2428 legitur:
636 2383 688 2415 Ex
714 2381 782 2415 alia
808 2392 916 2424 parte,
944 2380 1000 2415 ubi
1026 2395 1106 2415 nunc

341 2434 385 2475 cst
411 2431 523 2465 Turris
563 2432 672 2466 Centii
698 2432 737 2464 de
762 2432 872 2476 Orrigo
911 2432 972 2472 {uit
1013 2436 1103 2465 Tem-

339 2485 430 2530 plum
468 2483 605 2518 Bacchi.
654 2484 692 2516 In
735 2484 864 2517 Annal.
895 2482 1105 2518 Bononiens.

342 2535 463 2569 ‘son-³0
495 2534 629 2568 XVIII.
660 2535 737 2568 Rer.
769 2532 922 2569 Italicar.
957 2534 997 2568 ad
1030 2535 1105 2568 An-

341 2597 428 2622 num
448 2584 625 2620 MCXLX.
643 2583 793 2621 traditur
815 2585 989 2634 completa
1009 2584 1104 2621 aedi-

1167 240 1219 282 M
1240 239 1274 282 Ε
1291 240 1334 283 D
1359 241 1425 283 II
1470 242 1512 284 Α
1537 241 1570 284 Ε
1587 241 1665 284 VI
1847 251 1932 288 216

1142 299 1176 334 A
1222 299 1343 335 ficatio
1370 302 1482 335 Turris
1509 300 1749 347 Alinellorum,
1778 301 1890 339 adhuc
1919 305 1990 339 Bo-

1145 1225 1174 1259 (Ἰ

1221 352 1349 387 noniae
1397 352 1578 399 superstes,
1621 366 1725 402 quarn
1755 366 1880 401 nempe
1909 354 1992 390 Afi-

1223 403 1315 438 nella
1345 404 1494 439 Familia
1525 404 1710 440 condidit.
1755 405 1811 440 Ad
1841 407 1989 442 Annum

1224 457 1306 489 vero
1344 456 1500 490 Mcxx.
1539 455 1591 491 ibi
1631 454 1761 498 pariter
1795 457 1895 504 legor
1938 459 1991 492 Fu

1223 506 1354 552 compita
1382 508 1415 540 in
1443 507 1587 550 Bologna
1622 507 1656 541 la
1692 510 1787 542 Torre
1813 507 1862 542 de’
1883 511 1989 542 Ram-

1222 557 1303 602 puni
1320 580 1328 594 ,
1356 557 1408 590 che
1435 558 1451 590 ὲ
1479 558 1529 591 nel
1557 560 1698 592 Memno
1724 559 1761 592 di
1787 572 1919 604 mezzo.
1957 561 1990 594 E

1225 607 1258 640 in
1286 607 1356 652 quel
1384 617 1482 653 tempo
1505 607 1616 650 furano
1637 607 1826 646 fimilmente
1861 610 1992 654 compite

1224 658 1332 690 alcune
1358 657 1439 691 altre
1466 657 1560 692 Torri
1587 658 1671 692 nella
1698 659 1789 693 Cittd
1825 662 1860 693 di
1893 661 1991 694 Bolo-

1220 721 1309 753 gna.
1339 710 1435 742 Ante
1462 708 1580 743 eadem
1611 717 1791 756 tempora,
1821 711 1852 744 8<
1885 711 1989 757 paulo

1224 757 1316 805 post,
1345 757 1437 793 idem
1467 758 1707 808 excogitatum
1739 759 1988 808 perafflumque

1225 818 1310 857 puto
1338 822 1355 844 a
1385 809 1557 857 plerisque
1594 808 1808 856 reliquarum
1841 809 1988 847 Civita—

1223 869 1322 902 tum,
1351 858 1388 895 &
1419 859 1600 908 praecipue
1631 861 1850 897 Florentiae.
1887 861 1989 898 Teste

1224 911 1318 946 enim
1350 913 1550 947 Ricordano
1588 911 1786 957 Malaspinfi
1827 912 1867 947 ad
1913 915 1991 947 An—

1224 975 1307 997 num
1337 964 1513 998 MCLIV.
1556 961 1647 1011 Cap.
1688 965 1745 1000 80.
1783 964 1915 998 Hister.
1956 963 1993 998 di

1223 1013 1322 1058 queste
1349 1014 1442 1047 Torri
1469 1027 1560 1048 erano
1599 1016 1724 1061 grande
1751 1028 1873 1048 numero
1907 1014 1992 1048 nell‘a

1223 1064 1339 1103 Cittd,
1376 1064 1440 1098 alte
1467 1065 1556 1111 quali
1584 1076 1690 1108 cento,
1734 1080 1749 1099 e
1789 1065 1878 1111 quali
1903 1076 1991 1098 censo

1222 1115 1314 1149 venti
1340 1115 1480 1150 bruccia.
1525 1119 1556 1150 E
1583 1116 1661 1150 tutti
1695 1116 1707 1149 i
1743 1116 1876 1152 Nobili,
1913 1128 1928 1147 ο
1956 1116 1990 1149 la

1223 1166 1365 1211 maggior
1403 1177 1492 1210 parte
1533 1180 1656 1202 aveano
1698 1166 1730 1200 in
1758 1166 1858 1212 quello
1888 1176 1987 1213 tempo

1222 1216 1332 1251 Torri.
1370 1215 1639 1253 Munitionibus
1678 1228 1793 1252 autem
1826 1216 1895 1251 istis
1924 1229 1988 1264 po-

1223 1266 1392 1302 tiffimum
1422 1268 1468 1303 usi
1499 1268 1577 1304 sunt
1617 1266 1754 1311 Cives,
1797 1281 1903 1315 quum
1954 1266 1991 1302 in

1222 1331 1341 1353 eorum
1374 1318 1562 1354 visceribus
1592 1319 1775 1357 eraffantes
1811 1317 1987 1365 pestiferae

1222 1368 1464 1414 Guelphorum
1494 1368 1532 1405 ἃ
1561 1369 1823 1404 Gibellinornm
1861 1368 1987 1404 fastio-

1224 1431 1280 1453 nes
1309 1418 1505 1453 innumeris
1532 1419 1645 1454 turbis
1674 1432 1712 1454 ac
1734 1419 1895 1453 caedibus
1920 1422 1988 1455 Re-

1223 1469 1522 1513 rumpublicarum
1570 1469 1692 1505 statum
1732 1469 1989 1504 dilacerarunt.

1225 1519 1277 1554 Ibi
1300 1518 1365 1554 sese
1385 1520 1573 1555 tuebantur
1596 1520 1768 1567 Nobiles3
1799 1519 1879 1554 inde
1900 1533 1990 1566 quo-

1223 1583 1290 1615 que
1326 1570 1506 1616 contiguis
1543 1569 1694 1604 hostibus
1736 1570 1864 1604 bellum
1896 1569 1986 1606 infe-

1222 1620 1363 1654 rebant.
1403 1620 1495 1655 Vide
1540 1621 1694 1655 Annales
1722 1619 1920 1655 Genuenses
1948 1621 1986 1656 in

1226 1673 1301 1705 Rer.
1331 1671 1483 1706 Italicar.
1518 1669 1748 1707 Coneffione
1784 1683 1800 1705 a
1830 1684 1885 1706 me
1913 1671 1988 1707 edi-

1224 1731 1278 1756 tos
1306 1723 1426 1756 Tomo
1464 1724 1527 1756 VI.
1561 1735 1635 1770 paq.
1666 1725 1750 1769 367.
1792 1730 1896 1768 atque
1935 1721 1991 1757 in-

1225 1771 1363 1815 telliges
1381 1800 1390 1815 ,
1419 1786 1489 1820 quo
1518 1772 1553 1808 in
1578 1772 1637 1808 usu
1662 1771 1806 1817 perditis
1835 1771 1878 1807 iis
1901 1781 1991 1807 tem—

1227 1823 1389 1867 poribus,
1431 1837 1537 1870 quum
1581 1823 1705 1859 civilia
1748 1823 1837 1858 bella
1878 1821 1990 1858 ferve-

1226 1874 1329 1913 bant,
1378 1874 1587 1909 haberemur
1625 1873 1794 1920 ejusmodi
1841 1872 1991 1921 singula—

1225 1924 1314 1959 rium
1345 1925 1490 1960 Civium
1522 1927 1676 1960 Turres.
1709 1923 1839 1960 Credat
1867 1933 1987 1959 tamen

1224 1975 1282 2021 qui
1313 1975 1422 2014 velit,
1464 1989 1551 2023 quae
1588 1976 1629 2011 de
1670 1975 1791 2010 Pisana
1822 1972 1989 2010 Civitate

1225 2024 1353 2068 scripsit
1383 2026 1566 2071 Beniamin
1597 2025 1800 2061 Tudelenfis
1839 2025 1987 2069 judaeus

1223 2076 1258 2111 in
1289 2076 1498 2117 itinerario,
1525 2077 1561 2113 in
1584 2077 1669 2112 haec
1690 2077 1791 2111 verba
1813 2077 1983 2122 loquens:
2042 2113 2045 2124 3

1224 2130 1335 2173 Ingens
1367 2130 1466 2167 Urbs,
1497 2130 1529 2161 in
1557 2127 1645 2170 cujus
1672 2126 1816 2160 domibus
1838 2126 1906 2169 fere
1930 2128 1988 2160 de-

1223 2191 1282 2213 cem
1319 2178 1406 2212 mille
1442 2182 1558 2212 Turres
1594 2189 1823 2215 numerantur,
1859 2177 1903 2211 ad
1928 2188 1989 2223 pu·
2039 2194 2041 2197 v

1220 2229 1384 2274 gnandum
1412 2239 1505 2271 aptae
1532 2227 1578 2265 (ἓν
1606 2228 1791 2268 ἱηβνωὲῗαε.
1824 2227 1906 2274 Ejus
1932 2226 1989 2262 in·
2038 2224 2049 2252 κ’

1224 2278 1365 2325 terpreri
1406 2277 1597 2312 Benedic‘io
1636 2278 1743 2312 Ariae
1783 2279 1988 2316 Montano,

1224 2338 1281 2364 aut
1328 2328 1560 2363 Constantino
1610 2327 1867 2371 FEmpereur,
1917 2339 1989 2363 non

1224 2379 1282 2427 ipsi
1315 2379 1522 2425 Benjamino
1551 2378 1733 2414 tribuenda
1756 2378 1896 2414 videtur
1921 2378 1991 2414 im-

1225 2431 1335 2465 manis
1364 2430 1446 2465 haec
1474 2429 1643 2465 Turriurn
1674 2430 1795 2475 copia.
1844 2428 1898 2464 seu
1929 2442 1993 2473 po·

1226 2481 1296 2516 ⁴rius
1325 2480 1419 2525 sylva
1449 2480 1484 2516 in
1514 2481 1579 2516 una
1608 2479 1728 2516 Urbe.
1758 2481 1877 2525 Quum
1910 2479 1988 2516 unis

1229 2532 1420 2568 Nobilibus
1459 2531 1666 2567 aedificandi
1705 2532 1834 2567 Turres
1875 2531 1906 2565 δε
1937 2530 1989 2565 fa-

1189 2592 1198 2630 }
1227 2585 1337 2620 cultas
1363 2581 1402 2621 ἃ
1432 2582 1522 2620 vires
1542 2582 1673 2628 effent,
1700 2590 1896 2630 concoquat
1926 2594 1986 2618 ne-

1877 2644 1911 2668 n]
1916 2645 1938 2669 0

2203 789 2206 795 .
2202 746 2206 779 ..,
2199 581 2206 740 um*-
2200 490 2206 571 ——.
2200 415 2206 485 ἣρω-«Λ
