2206 3131
267 225 355 282 '693
533 219 901 265 DJSSERTATJO
950 216 1505 265 VJGESIMASEPTIMAa
1693 224 1783 276 694

206 282 329 325 {binata
366 281 411 318 iis
447 281 663 329 temporibus
699 279 791 322 fuit,
832 288 870 315 ut
909 278 963 315 ibi
1004 287 1052 321 A*
1075 278 1166 314 hunc
1210 281 1405 314 Nummum
1447 283 1678 326 argenteum,
1718 284 1837 317 rarum*

207 336 413 371 cuderentur
450 332 628 377 Nummi,
669 330 720 367 ita
762 329 961 366 Tarvifium

205 383 375 435 ejusmodi
403 382 534 418 honore
560 381 729 417 donatum
767 379 872 416 fuerit
900 393 962 426 pro

205 438 345 472 Ducatu
365 431 593 482 forojulienfi
606 458 616 468 .
637 432 700 468 Sed
722 430 860 466 fortaffe
875 432 960 466 Ger—

204 485 318 522 manis
345 483 455 532 postea
483 484 519 519 in
557 482 660 519 [talia
697 481 962 517 dominantibus

204 536 449 572 continuatum
485 532 681 571 Tarvismis
719 532 867 568 minime
893 531 963 567 fuit

203 585 374 634 ejusmodi
415 585 489 635 jus.
535 584 632 621 Mihi
681 583 759 619 sane
806 582 960 618 nondum

203 638 295 672 ullus
324 635 412 671 alius
442 637 617 671 Nummus
653 634 829 678 occurrit,
868 633 960 668 anti—

202 688 281 735 quis
308 686 353 722 iis
390 687 521 722 Seculis
562 687 599 721 in
627 698 666 720 ea
705 685 798 720 Urbe
827 682 959 732 percus-

201 738 275 773 sus·
303 739 471 773 Ceterum
511 735 726 782 subsequutis
757 735 889 770 Seculis
918 734 960 769 ab

200 787 476 835 Imperatoribus
503 786 656 822 conceffa
684 784 752 821 fuit
787 786 961 833 Episcopo

200 838 387 874 Tarvifino
423 839 572 873 Moneta
609 835 749 884 publica
784 836 858 883 ejus
889 834 958 870 Ur—

201 891 277 931 bis,
304 889 417 924 immo
443 889 474 923 &
505 886 576 936 ipsa
604 886 768 930 Civitas,
808 884 863 922 uti
902 898 961 920 ve·

205 950 275 977 tera
305 948 533 974 monumenta
561 937 749 972 testantur.

250 991 416 1026 Alterum
445 1002 584 1036 quoque
615 990 809 1023 Nummum
836 985 960 1021 diversi

201 1040 336 1076 moduli
365 1039 475 1082 addo,
512 1038 574 1086 qui
614 1038 686 1086 post
722 1037 805 1072 haec
834 1036 960 1084 scripta

200 1091 335 1127 delatus
362 1089 427 1124 est:
467 1089 536 1124 rari
563 1088 694 1138 quippe
733 1088 812 1123 sunt
839 1088 875 1123 id
902 1101 961 1137 ge·

198 1154 262 1177 nus
292 1139 464 1177 Nummi.

334 1240 818 1278 TAURINUM.

296 1341 361 1377 Uo
387 1351 546 1389 tempore
573 1340 706 1376 nobilis
734 1338 793 1375 ista
820 1338 962 1374 Civitas

324 1393 372 1427 tui
403 1392 487 1439 juris
516 1391 608 1436 fuit,
646 1404 757 1439 neque
789 1390 962 1429 Principi-

197 1445 258 1480 bus
287 1441 571 1479 >abaudiens1bus
600 1444 764 1492 parebat,
802 1439 962 1489 percuffit

1076 328 1232 377 profefflo
1253 356 1263 372 ‚
1311 343 1415 377 quem
1461 328 1551 364 mihi
1598 328 1837 377 suppeditavit

1074 379 1199 427 joseph
1226 380 1342 415 Maria
1370 379 1566 416 cattaneus
1593 379 1697 416 Civis
1721 380 1838 417 Muti-

1075 430 1204 466 nensis.
1253 431 1328 465 Post
1378 430 1549 466 friderici
1598 432 1642 466 11.
1689 430 1840 479 Augusti.

1075 491 1223 517 mortem
1240 508 1250 525 ‚
1277 494 1366 528 quae
1393 484 1500 517 Anno
1526 480 1660 517 Christi
1680 483 1838 518 MCCL.

1075 531 1229 581 contigit
1240 559 1250 573 ‚
1266 532 1423 567 Thomas
1435 531 1567 568 Comes
1584 532 1840 568 Mauriennen·

1074 582 1114 618 sls
1129 581 1329 618 Taurinenfi
1354 582 1453 618 Urbe
1469 583 1603 630 potitus
1624 581 1712 618 fuit.
1739 583 1793 618 At
1808 582 1842 619 ie

1074 636 1183 669 Anno
1210 635 1402 670 MCCLV.
1424 642 1483 668 aut
1511 633 1629 682 potius
1654 631 1841 681 sequenti,

1073 683 1245 719 seditione
1273 685 1425 726 oborti,
1462 698 1481 720 a
1518 683 1669 720 Civibus
1707 682 1841 720 Tauri·

1072 734 1230 770 nenfibus
1272 734 1308 770 in
1353 735 1498 771 vincula
1541 733 1721 783 conjessus
1749 733 1843 775 fuit.

1072 795 1177 832 atque
1223 784 1419 821 Astenfibus
1468 785 1627 821 inimicis
1665 783 1842 821 traditus.

1071 837 1190 881 Quare
1226 836 1348 871 eodem
1386 837 1533 872 Saeculo
1572 838 1750 872 Nummus
1779 834 1844 871 iste

1072 886 1169 921 cusus
1199 886 1362 929 videtur.
1390 886 1429 923 in
1461 887 1559 936 cujus
1581 887 1698 923 antica
1722 885 1844 922 visun-

1071 945 1128 972 tur
1154 936 1324 986 insignia,
1353 947 1392 973 ut
1418 938 1570 984 opinor,
1598 937 1701 986 ipfius
1729 936 1841 974 Civi-

1071 987 1179 1030 tatis,
1208 1000 1287 1023 cum
1317 989 1429 1024 tribus
1459 988 1626 1023 asteriscis
1655 985 1844 1023 hincinde

1070 1037 1244 1084 dispositis
1259 1066 1267 1080 ,
1287 1039 1320 1073 8(
1339 1039 1455 1075 literis
1473 1040 1694 1075 MONETA
1712 1039 1842 1074 TAv-

1073 1090 1315 1124 RlNENSIS.
1359 1091 1397 1124 In
1428 1089 1554 1138 postica
1584 1088 1760 1138 spe&atur
1789 1090 1842 1124 A·

1069 1141 1166 1186 quila
1194 1140 1259 1174 alis
1294 1140 1445 1183 apertis,
1482 1141 1514 1175 ὃ(
1545 1139 1769 1174 circumstant
1796 1138 1844 1173 li-

999 1204 1032 1240 C
1072 1198 1185 1225 tei-ae:
1231 1191 1498 1226 CIVITATIS
1526 1189 1846 1226 IMPERIALIS.

592 1542 1454 1600 TARVISII.

287 2609 375 2642 Tora.
405 2608 441 2643 V.

1153 2610 1238 2648 vv
1682 2597 1773 2653 §11²³
