2206 3131
272 212 290 241 ι
305 212 351 254 ¹3
577 192 948 238 DJSSERTATJO
991 192 1719 244 VIGESIMASEXFA21
1732 215 1785 256 14

208 269 305 293 mum
324 262 411 305 quot
430 252 596 303 Episcopi
613 254 647 288 ὅ(
666 251 828 297 Clerici,
850 266 973 302 quam·
1006 257 1043 290 A
1079 262 1208 300 argento
1223 275 1235 292 ‚
1274 254 1403 287 bruneis
1417 277 1428 293 ‚
1469 266 1664 302 aeramento,
1702 258 1846 306 panuh,

210 321 317 357 quam
356 304 633 354 repugnantibus
673 303 778 340 sacris
814 305 974 341 Canoni-

210 360 296 416 bus3
335 355 490 392 militiae
532 368 663 392 nomen
706 355 894 399 dederint,
933 354 973 392 ἃ

209 407 315 447 armis
343 406 500 443 comesti
537 406 578 443 ad
619 406 752 455 proelia
789 407 972 443 delcende-

206 460 305 500 rint.
344 456 500 494 Historia
532 456 651 507 paffim
691 468 849 495 enarrat.
888 460 973 494 Inde

206 511 368 559 querelae
396 509 574 545 Guidonis
604 509 756 546 Abbatis
785 508 971 546 Clareval—

206 560 308 597 lenfis
337 561 427 609 apud
465 561 651 596 Baluzium
690 563 799 597 Tom.
832 574 864 598 2.
896 562 972 598 Mi·

200 611 481 648 ,scellaneorum.
512 613 618 650 Olim.
651 610 798 661 inquit,
826 626 885 648 non
914 614 971 650 ha—

206 662 324 699 bebam
358 663 498 706 Castella
525 664 568 696 Θ·
594 667 698 699 Arees
724 664 880 705 Ecclesiae
905 667 971 700 Ca—

206 715 388 750 thedrales:
424 727 484 748 non
522 714 703 750 incedebant
730 714 899 759 Pontifices
925 716 972 750 lo-

203 766 300 801 ricati
316 792 325 801 .
362 766 428 799 sed
463 778 545 800 nunc
578 776 704 812 propter
738 767 972 801 abundantiam

206 816 426 861 temporalium
450 829 571 855 rerum,
590 816 750 862 flammai,
774 816 879 860 ferro,
903 831 971 851 cae-

205 870 267 907 de,
295 865 482 914 poffeffiones
509 866 717 908 Ecclesiarum
743 868 890 902 Praelati
915 870 970 903 de·

203 918 365 963 sendum,
401 931 479 965 quas
513 919 658 953 deberent
691 918 880 965 pauperibus
906 932 969 954 ero—

204 983 306 1017 gare.
345 969 409 1004 Sed
437 982 502 1017 ego
531 969 691 1018 progredi
721 969 827 1005 satius
854 970 970 1007 duco.

206 1021 242 1056 Si
271 1019 350 1068 quis
378 1019 420 1054 ad
446 1019 641 1055 exercitum
676 1022 835 1060 accitus,
873 1035 969 1057 acce-

203 1070 284 1106 dere
303 1069 503 1113 recusabat,
531 1084 627 1118 grav
620 1069 732 1106 ffima
753 1073 795 1106 ab
816 1085 857 1107 eo
879 1074 969 1108 mul—

204 1131 240 1157 ta
268 1121 497 1170 exigebatur.
534 1124 586 1157 En
615 1122 737 1158 Caroli
768 1121 893 1169 Magni
924 1126 969 1159 E-

203 1172 338 1209 dicium
369 1172 405 1208 in
435 1175 531 1221 Lege
561 1184 618 1220 35.
640 1174 862 1222 Langobard.
883 1178 969 1221 Qui-

203 1237 330 1271 rumque
355 1223 438 1258 liber
473 1225 561 1258 homo
598 1225 631 1258 in
670 1225 780 1267 hostem
817 1226 969 1261 bannitus

198 1275 299 1320 fuerit
325 1274 449 1323 (idest
468 1275 624 1311 monitus
641 1304 651 1320 ,
690 1287 729 1312 ut
756 1276 797 1312 ad
835 1277 968 1312 exerci-

205 1334 282 1362 tum
327 1327 478 1374 veniat)
520 1326 566 1364 &⁵
610 1328 718 1362 venire
757 1329 968 1371 contemserit,

199 1378 328 1424 plenum
365 1378 564 1412 Heriaanum
601 1389 762 1422 componat
798 1379 968 1420 secundina

201 1430 317 1473 Legem
345 1429 567 1461 Francorum:
603 1427 682 1469 ide-[i
711 1427 883 1473 sexaginta
911 1431 967 1461 Sv—

202 1478 285 1511 hdos
320 1478 454 1521 solvat.
496 1478 570 1521 Qui
613 1476 655 1511 ad
699 1487 837 1512 tantum
880 1477 968 1512 aeris

203 1526 469 1580 persolvendum
499 1527 677 1573 impotens
705 1536 799 1570 erat,
827 1527 864 1561 in
891 1540 963 1562 mo—

202 1590 273 1614 rem
307 1575 405 1613 Servi
442 1576 566 1612 tandiu
606 1576 764 1625 Principi
801 1576 965 1613 famulari

202 1629 411 1677 cogebatur,
439 1627 521 1663 dum
553 1626 735 1676 impositae
761 1629 894 1664 multae
916 1629 963 1664 sa-

202 1680 403 1715 tistaceret.
442 1680 572 1714 lterum
613 1678 693 1714 audi
732 1680 864 1728 Legem
896 1682 965 1715 Ca—

202 1730 297 1766 roli:
337 1733 434 1774 ,Quod
460 1729 486 1770 si
513 1742 572 1763 non
598 1729 766 1770 hahuerit,
804 1732 886 1764 unde
922 1731 964 1765 i!-

199 1782 265 1816 lam
300 1782 410 1826 solvat
445 1780 600 1825 summam
628 1780 738 1826 (idest
779 1781 962 1829 pecuniam

198 1832 236 1868 in
260 1831 425 1881 promtu)
449 1832 648 1878 semetipsum
668 1844 725 1880 per
743 1833 963 1867 vadimonium

198 1884 233 1918 in
268 1884 400 1928 servitio
427 1883 586 1930 Principis
615 1885 746 1928 tradat,
782 1885 875 1919 donec
907 1895 964 1928 per

197 1944 335 1982 tempora
372 1934 435 1979 ipse
460 1937 585 1969 bannus
612 1936 652 1970 ab
680 1935 743 1980 ipso
765 1934 833 1980 fiat
860 1936 962 1981 perlo—

196 1986 308 2021 lutus.
349 1987 442 2021 Dura
471 1985 555 2021 haec
593 1999 702 2035 poena
740 1986 878 2022 fortaffe
906 1985 961 2022 vi-

197 2036 341 2073 deatur:
375 2050 486 2085 neque
513 2050 590 2072 eam
618 2050 829 2085 componere
858 2035 961 2073 facile

197 2099 304 2132 queas
345 2101 423 2122 cum
469 2088 576 2123 altera
617 2088 769 2134 ejusdem
812 2088 988 2135 Augusti*

195 2138 315 2187 Lege,
351 2149 476 2184 nempe
506 2149 562 2184 ²3·
591 2137 685 2173 inter
715 2138 960 2187 Langobardi-

194 2201 273 2227 cas,
302 2187 364 2223 nisi
392 2188 480 2223 hanc
508 2187 632 2223 statuas
656 2188 874 2235 praecedenti
897 2203 959 2238 po-

193 2239 394 2283 steriorem,
422 2248 461 2275 ut
489 2239 607 2287 aliqua
636 2239 835 2276 moderatio
862 2240 957 2289 rigo-

194 2291 241 2327 ris
263 2291 352 2327 foret
374 2304 452 2338 erga
473 2303 658 2338 pauperes,
685 2305 796 2341 neque
816 2291 859 2327 ab
879 2305 957 2327 om-

192 2343 296 2379 nibus
333 2341 647 2378 indiscriminatim
685 2343 865 2392 lexaginta
895 2345 957 2379 So-

193 2394 257 2429 lidi
300 2395 545 2443 exigerentur.
588 2397 637 2429 De
679 2395 864 2429 Herihcmno
904 2394 956 2430 ait

193 2443 281 2485 ille,
307 2448 475 2487 volumus,
512 2456 547 2479 ut
576 2446 668 2491 Mffi
696 2446 790 2489 nostri
817 2446 869 2479 boc
894 2460 954 2481 an-

192 2510 232 2531 no
258 2497 399 2533 exafflare
430 2496 573 2542 fideliter
598 2497 735 2532 debeant
748 2511 769 2541 ;
805 2496 881 2538 idest
916 2500 955 2531 de

191 2548 313 2583 homine
341 2548 470 2583 habente
490 2549 546 2594 sex
572 2549 690 2584 Ltbras
716 2549 751 2583 in
777 2560 853 2583 auro
867 2571 878 2587 ,
905 2545 953 2585 ά*
979 2581 983 2584 .

292 2602 381 2635 Tom.
411 2601 449 2635 V.

1052 303 1214 339 caballis
1229 330 1240 347 ,
1276 305 1372 338 bobus
1388 328 1398 343 ,
1438 305 1562 345 vaccis,
1598 319 1653 342 aut
1687 310 1848 357 peculiis,

1079 355 1232 402 recipiant
1269 354 1447 402 legitimum
1486 355 1727 400 Herffiannum,
1769 362 1847 405 idest

1079 406 1199 441 Libras
1224 416 1286 440 tres
1303 429 1314 445 ,
1352 406 1400 440 ita
1427 418 1462 440 ut
1487 420 1596 442 uxores
1623 419 1681 443 aut
1707 411 1848 454 infantes

1080 470 1141 492 mm
1168 456 1260 502 fiant
1296 457 1462 503 exspoliati
1494 469 1550 505 pro
1583 459 1641 494 hac
1675 472 1707 494 re
1732 463 1772 495 de
1797 475 1847 496 eo-

1080 522 1149 543 rum
1175 508 1391 550 vestimentis.
1421 508 1650 546 DoEtiffimus
1673 512 1847 548 Du-Can-

1082 560 1160 609 gius
1187 559 1224 595 in
1252 559 1402 596 Gloffar.
1440 561 1562 597 Latin.
1590 561 1705 598 censet
1741 563 1850 611 legiti-

1082 624 1166 646 mum
1204 612 1425 646 Heribannum
1465 611 1563 648 fuifl‘e
1603 612 1717 658 illud,
1754 614 1850 661 quod

1082 675 1155 698 non
1176 662 1333 710 plenarie
1353 663 1583 710 exigebatur,
1605 663 1661 700 sed
1690 678 1752 713 pro
1773 677 1852 701 mo-

1081 713 1127 748 do
1155 713 1388 749 facultatum.
1417 714 1514 750 M1hi
1541 723 1663 751 contra
1685 716 1850 761 videtur,

1080 763 1175 800 idem
1206 763 1304 800 fuisse
1332 774 1437 812 atque
1470 767 1599 811 plenum
1628 768 1848 801 Heribannum

1082 815 1180 862 supra
1203 826 1462 852 memoratum.
1490 818 1579 853 Tres
1600 817 1694 852 enim
1717 818 1849 855 Librae

1080 866 1317 903 conficiebant
1353 867 1533 917 sexaginta
1563 869 1725 905 Solidos.
1767 870 1848 905 Per-

1079 917 1133 966 git
1160 918 1276 954 dicere
1296 917 1449 954 Carolus
1470 919 1671 969 Augustus3
1699 921 1771 967 „Qui
1789 933 1847 954 ve-

1078 972 1111 1002 νὸ
1137 983 1198 1003 non
1225 969 1370 1003 habuerit
1395 972 1533 1017 amplius
1569 973 1604 1005 in
1637 972 1848 1016 suprascripto

1077 1020 1176 1063 pretio
1201 1022 1332 1054 valente
1348 1045 1358 1060 ,
1397 1021 1458 1061 mfi
1486 1022 1601 1057 Libras
1627 1032 1711 1060 tres,
1739 1021 1847 1056 solidi

1078 1071 1215 1117 triginta
1250 1073 1292 1105 ab
1327 1084 1360 1105 eo
1395 1072 1586 1118 exigantur,
1630 1072 1708 1114 idest
1743 1073 1845 1107 Libra

1076 1134 1141 1156 una
1168 1121 1214 1160 &⁹
1249 1121 1415 1157 dimidia.
1453 1123 1522 1169 ¹Qui
1557 1134 1662 1158 autem
1698 1136 1758 1156 non
1787 1124 1846 1157 ha—

1076 1172 1180 1206 buerit
1206 1172 1344 1219 amplius
1372 1172 1434 1213 nisi
1461 1176 1575 1208 Libras
1602 1174 1684 1208 duas
1702 1198 1712 1213 ‚
1740 1174 1847 1208 solidi

1074 1225 1196 1260 decem.
1232 1225 1272 1258 Si
1307 1227 1381 1258 verb
1416 1238 1512 1259 unam
1549 1224 1704 1265 fibram,
1739 1225 1846 1259 ,solidi

1073 1275 1235 1321 quinque.
1274 1276 1378 1311 Alias
1405 1287 1522 1311 autem
1557 1289 1685 1323 poenas
1713 1276 1843 1325 adjecit

1075 1326 1280 1360 Ludovicus
1305 1327 1350 1359 11.
1380 1328 1576 1372 Imperator
1599 1325 1636 1361 in
1666 1326 1844 1374 supralau-

1073 1375 1154 1409 data
1181 1375 1410 1416 Constitutione
1439 1376 1645 1423 promotionis
1671 1377 1841 1413 exercitus.

1076 1426 1169 1460 Nam
1212 1426 1361 1461 Alledia
1401 1426 1717 1472 inobedientibus,
1756 1427 1843 1462 Vas-

1075 1475 1167 1509 sallis
1197 1474 1396 1515 Beneficia,
1423 1476 1540 1512 Miffis
1568 1478 1602 1512 8<
1631 1478 1841 1515 Comitibus

1073 1526 1227 1571 aliquem
1245 1526 1427 1560 immerito
1450 1527 1816 1570 praetermittentibus
1830 1556 1841 1572 ,

1075 1575 1278 1623 Dignitates
1316 1575 1385 1611 sive
1422 1577 1610 1618 Honores.
1653 1577 1839 1615 auferenda

1072 1625 1253 1661 decrevit.
1292 1626 1400 1672 Quod
1427 1626 1535 1663 etiam
1564 1627 1664 1675 supra
1693 1628 1838 1666 modum

1072 1690 1176 1725 grave
1198 1690 1289 1712 nunc
1311 1678 1496 1722 videatur,
1524 1679 1622 1714 addit
1643 1679 1737 1715 idem
1760 1683 1839 1716 Au-

1071 1727 1205 1776 gustus:
1246 1731 1288 1763 Ut
1323 1743 1424 1763 omnes
1459 1743 1580 1764 omnem
1614 1730 1752 1771 hostilem
1777 1743 1837 1780 ap-

1069 1790 1181 1825 paratz
1177 1793 1216 1813 ‘m
1241 1779 1287 1823 se
1280 1793 1343 1813 um
1369 1781 1514 1823 deferant
1540 1780 1613 1819 &a
1647 1782 1838 1824 Vestimenta

1069 1840 1173 1864 autem
1209 1829 1349 1865 haleant
1384 1834 1428 1866 ad
1463 1845 1583 1866 annum
1619 1845 1746 1867 unum:
1780 1835 1837 1868 vi-

1069 1880 1191 1916 c7ualia
1231 1885 1306 1915 verb
1346 1881 1498 1928 quousque
1537 1895 1654 1917 novum
1695 1884 1836 1927 fruflum

1070 1932 1138 1978 ipsa
1162 1932 1272 1978 patria
1298 1936 1409 1968 babere
1434 1933 1570 1978 poterit.
1603 1933 1637 1969 Si
1668 1933 1754 1970 haec
1781 1949 1836 1972 re-

1071 1996 1150 2018 vera
1173 1982 1357 2028 indi-cant,
1384 1983 1439 2019 uti
1468 1982 1625 2019 indicare
1648 1984 1836 2031 videntur,

1070 2032 1231 2070 homines
1274 2035 1357 2071 illos
1396 2048 1466 2070 non
1510 2048 1652 2083 operam
1694 2038 1834 2074 tantum

1071 2084 1163 2121 suam
1180 2085 1422 2126 adhibituros,
1444 2085 1626 2133 vitamque
1648 2100 1709 2134 pro
1731 2088 1834 2124 Prin-

1069 2136 1147 2184 cipe
1173 2136 1211 2173 in
1240 2137 1334 2173 bello
1363 2136 1580 2184 exposituros
1617 2136 1738 2178 fuisse,
1777 2138 1834 2175 sed

1067 2187 1175 2224 etiam
1205 2188 1344 2225 coaetos
1382 2187 1443 2223 fibi
1471 2200 1490 2223 e
1519 2187 1662 2235 proprio
1699 2189 1832 2226 marsu-

1068 2238 1128 2288 pio
1164 2251 1366 2288 apparatum
1411 2238 1572 2274 hostilem
1614 2239 1649 2274 8(
1694 2239 1830 2277 vietum

1067 2303 1204 2348 parare:
1236 2291 1271 2326 id
1299 2303 1355 2339 aJo
1375 2289 1590 2333 intolerandi
1610 2291 1728 2327 oneris
1756 2292 1830 2340 spe-

1065 2343 1156 2377 ciem
1183 2341 1330 2377 referre.
1366 2342 1489 2389 Atque
1516 2340 1584 2377 hoc
1613 2341 1691 2378 sane
1720 2345 1828 2380 Pran-

1064 2393 1114 2429 cis
1143 2391 1325 2441 praecipue
1361 2391 1398 2427 in
1439 2391 1500 2428 usu
1537 2392 1637 2429 fuiffe
1666 2393 1830 2430 videtur.

1064 2446 1156 2480 Nam
1186 2443 1333 2479 Carolus
1359 2442 1516 2493 Magnus
1553 2444 1590 2479 in
1620 2443 1826 2492 Capitulari

1061 2495 1144 2531 Lib.
1173 2506 1205 2541 3.
1235 2495 1327 2542 Cap.
1361 2507 1422 2541 74.
1461 2493 1669 2533 constituit,
1706 2504 1742 2528 ut
1771 2494 1825 2540 se-

1059 2547 1195 2580 cundism
1234 2546 1497 2592 Consuetudinem
1537 2546 1741 2594 praeparatio
1779 2548 1824 2581 ad

1214 2598 1252 2632 H
1660 2595 1772 2637 hostem
