2206 3131
414 199 465 240 39
694 181 1428 241 ANTIgysq-‚MEDH
1471 182 1672 228 AEVJ
1889 201 1948 242 aa

346 242 595 289 ptemtrionali
617 245 725 293 'gente
752 242 791 279 in
820 242 963 278 Italiam
992 251 1113 277 tantus
1141 245 1190 280 ‘A
1237 244 1271 278 la
1297 243 1514 279 Pelliccieria.
1555 245 1681 293 Neque
1707 251 1879 290 reponas,
1908 249 2005 284 Gau-

350 293 503 329 Pellium
533 293 631 334 usus,
659 307 768 342 quum
791 294 880 342 apud
908 306 967 328 eos
998 294 1114 340 Popu-

347 345 401 380 los
429 344 627 381 inveterata
654 344 719 379 sint
746 343 788 379 ad
825 343 1012 380 arcendum
1050 343 1114 380 fri-

347 408 410 444 gus
432 396 603 444 ejusmodi
632 394 860 431 indumenta.
888 396 1009 443 anue
1029 407 1115 430 con-

346 445 493 483 suetudo
529 460 599 483 non
636 445 737 482 defiit
758 474 768 490 ‚
805 446 1032 496 regnantibus
1068 445 1114 482 iis

346 496 385 533 in
405 498 530 542 Italia,
551 497 694 542 Gallia,
716 511 754 533 ac
770 497 965 546 Hispania.
987 497 1112 533 Proin—

347 547 390 584 de
413 549 528 584 Pelliti
556 553 660 596 Reges
685 549 775 584 olim
804 548 972 597 appellati
1000 547 1114 583 Gothi

347 599 482 648 Reges,
516 599 664 644 Franci,
698 600 844 639 Hunni,
873 599 1049 638 Vandali,
1077 611 1114 634 a-

347 649 461 698 liique
500 652 628 687 Boreae
666 650 756 687 filii.
796 653 835 686 In
874 650 1043 687 Carmine
1071 650 1112 685 de

350 701 579 738 Providentia
594 730 605 748 ‚
633 702 754 739 Libris
779 701 937 751 Prosperi
959 700 1112 738 inserto:

401 825 575 832 ------
604 805 766 852 Regesque
792 807 945 839 Getarum

404 856 555 903 Respice,
583 859 670 902 queis
689 856 765 899 ostro
783 865 932 891 contemto
951 855 997 895 &¹
1015 854 1117 889 velle-

505 921 536 941 re
563 911 587 942 5
589 921 672 941 erum
689 935 699 952 ‚

399 958 551 993 Eximius
576 961 662 994 decor
689 957 731 1001 est
757 957 854 1006 tergis
880 957 1002 993 horrere
1027 955 1117 1000 sera—

506 1022 574 1043 rum
588 1035 598 1045 .

352 1111 410 1146 Ac
438 1109 586 1158 proinde
623 1110 686 1147 vix
726 1123 873 1159 pronum
914 1122 970 1145 me
1007 1106 1120 1144 sentio

352 1161 395 1197 ad
423 1162 679 1211 adjungendam
719 1162 853 1210 prorsus
885 1160 990 1196 fidem
1024 1161 1119 1194 Gau-

353 1211 451 1248 fredo
494 1213 606 1249 Priori
647 1212 831 1252 Vofienfi,
885 1224 947 1260 qui
995 1210 1120 1246 Seculo

354 1264 436 1298 xii.
474 1262 688 1300 Chronicon
726 1264 900 1302 scribens,
937 1262 1072 1297 editum
1101 1274 1120 1296 a

354 1312 497 1349 clariss.
535 1315 680 1349 Labbeo
717 1314 753 1349 in
782 1316 889 1349 Tom.
921 1326 952 1349 2.
982 1313 1120 1347 Biblio-

353 1363 445 1400 thec.
489 1378 633 1404 novae,
677 1364 760 1399 haec
803 1363 936 1399 tradit:
982 1366 1122 1396 Barones

354 1424 487 1460 tempore
513 1416 611 1460 prisco
632 1414 775 1460 munfi;i
801 1416 967 1462 largitores
994 1413 1121 1447 vilibus

355 1468 525 1500 utebantur
563 1467 709 1513 pannis,
752 1469 829 1501 adeo
864 1476 899 1500 ut
937 1462 1121 1509 Eustorgius

353 1517 529 1561 Epifhopus
546 1541 556 1555 ,
595 1519 760 1551 Vtcecomes
794 1514 1020 1554 Lemo-vicensis
1037 1540 1047 1557 ‚
1075 1512 1122 1551 ἔφ’

355 1567 523 1602 Viceeomes
551 1567 788 1607 Com'sornensis
815 1566 961 1601 arietim's
983 1570 1025 1598 Θ·
1044 1564 1121 1598 vul—

354 1618 445 1663 pinic
471 1619 608 1661 pellibus
635 1618 802 1665 aliquoties
828 1627 1008 1654 uterentur,
1044 1628 1122 1661 quas

354 1668 422 1713 posi
450 1669 542 1708 illes,
570 1670 732 1703 mediocres
767 1669 884 1713 deferre
919 1666 1122 1710 erubescunt,

358 1721 466 1755 Certe
496 1720 585 1768 apud
618 1721 742 1768 vulgus
765 1720 806 1755 ad
835 1718 991 1766 corporis
1019 1717 1122 1752 indu-

358 1780 518 1805 mentum
557 1770 748 1806 familiares
786 1780 868 1806 tunc
907 1768 1005 1804 fuiffe
1037 1777 1123 1816 puto

359 1822 520 1869 vulgares
548 1822 696 1864 ovium,
725 1834 893 1870 agnorum
911 1845 921 1859 ‚
950 1819 1122 1857 arietum,

357 1884 396 1907 ac
426 1872 588 1920 vulpium
619 1874 745 1922 pelles.
779 1873 906 1908 Adhuc
935 1870 1120 1905 Mutinen-

358 1921 407 1958 ses
436 1924 591 1959 retinent
619 1924 829 1959 vocabulum
861 1922 976 1965 Bdse,
1014 1933 1121 1968 quum

359 1973 478 2020 ajunt:
519 1975 633 2021 Piglia
668 1975 698 2009 le
734 1986 785 2009 tue
821 1975 912 2017 Belle
948 1986 962 2006 e
999 1985 1042 2006 va
1070 1984 1123 2004 con

358 2024 449 2060 Dr'o.
485 2025 717 2061 Germanicae
754 2025 915 2073 Linguae
953 2026 1053 2068 Bettz.
1079 2020 1125 2056 est

360 2076 531 2115 Pelliccia,
554 2076 646 2112 idem
675 2077 767 2124 quod
793 2077 887 2121 Peltz
906 2089 923 2110 a
947 2074 1124 2109 Pellibus.

361 2125 420 2161 Ab
463 2126 508 2162 iis
548 2128 699 2164 mutuati
740 2140 861 2163 vocem
905 2124 1124 2161 Mutinenses

361 2176 452 2211 olim
491 2191 552 2225 pro
587 2179 730 2224 pigliai
765 2179 831 2212 ταοὶ
863 2179 992 2225 panni,
1029 2174 1123 2210 dice-¹

365 2227 470 2268 bant,
497 2229 603 2276 piglia
631 2230 659 2263 le
679 2240 729 2263 tue
750 2229 862 2271 Belse,
890 2228 973 2264 idest
1003 2226 1125 2274 pellic—

366 2276 459 2323 cias,
489 2279 544 2315 seu
566 2280 670 2316 vestes
691 2292 787 2318 tuas.
811 2283 928 2320 Haec,
956 2279 1099 2325 inquam
1115 2304 1124 2319 ,

363 2328 570 2367 indumenta
602 2334 737 2381 Populo
768 2332 938 2380 fuerunt3
979 2339 1014 2365 at
1045 2329 1125 2362 Ma-

365 2383 529 2428 gnatibus
560 2385 665 2430 pelles
698 2381 913 2433 pretiofiores
943 2381 1008 2417 effe
1038 2377 1127 2414 sole-

367 2432 471 2469 bant.
509 2434 677 2472 Mutinae
713 2449 800 2483 quae
831 2434 899 2468 Via
937 2445 1028 2468 nunc
1068 2442 1127 2476 ap·

369 2485 520 2530 pellatur
548 2487 572 2520 il
602 2491 741 2522 Mercato
766 2486 852 2521 della
882 2488 1010 2531 Legna,
1037 2482 1125 2517 olim

366 2546 387 2569 3
414 2537 522 2572 variis
563 2541 714 2577 Pelliurn
753 2533 907 2575 officini's
945 2536 1129 2571 dicebatur

1238 293 1374 331 fredum
1404 293 1603 331 Vofiensem
1643 296 1686 331 de
1722 296 1863 333 Gallica
1901 307 2006 346 gente

1239 347 1452 394 loquutum,
1479 347 1570 394 apud
1598 359 1701 394 quam
1733 347 1846 397 major
1873 347 2008 388 fuerit,

1239 399 1345 446 quam
1374 397 1464 443 apud
1492 397 1638 434 Italicos
1661 399 1859 435 moderatio
1888 401 1925 435 in
1946 412 2008 436 ve-

1239 448 1364 485 stibus.
1402 448 1491 484 Tibi
1518 450 1612 485 enim
1641 463 1784 498 oppono
1814 451 2004 487 Albertum

1241 498 1465 547 Aquensem‚
1493 500 1554 546 qui
1583 500 1665 537 Lib.
1688 513 1720 537 2.
1742 503 1829 550 Cap.
1854 503 1910 539 16.
1933 501 2006 538 Hi<

1240 550 1318 585 stor.
1346 548 1525 585 Hierosol.
1553 564 1714 589 enarrans
1739 553 1906 589 accefl'um
1926 555 2004 589 Go-

1240 599 1368 636 defridi
1398 602 1530 643 Ducis,
1558 602 1592 636 8<
1618 603 1835 651 reliquorum
1866 603 2006 640 Princi-

1241 664 1347 700 pum,
1375 664 1414 687 ac
1443 654 1603 686 Baronum
1630 655 1851 689 Gallicorum
1881 655 1922 690 ad
1953 657 2007 690 A·

1241 702 1375 738 lexium
1398 704 1611 738 Graecorum
1637 706 1884 752 Imperatorem
1899 730 1910 744 ‚
1930 708 2008 740 An-

1242 767 1288 790 no
1330 755 1506 789 MXCVI.
1551 755 1653 802 plane
1693 755 1847 791 diversos
1890 769 2004 792 mores

1243 805 1409 853 antiquae
1436 804 1597 841 Gallicae
1625 806 1721 855 genti
1751 806 1899 842 tribuit:
1941 809 2005 841 Im-

1241 868 1389 902 perator,
1417 855 1496 891 sunt
1523 856 1595 902 ejus
1626 859 1727 892 verba
1745 882 1755 896 ‚
1786 868 1852 892 tam
1878 858 2007 904 magni-

1234 906 1299 952 fico
1336 907 1381 945 &⁴
1417 905 1584 950 honorifiz'o
1621 910 1707 941 Duce
1742 908 1811 952 viso
1826 929 1841 952 ⁴,
1882 908 2009 955 ejusque

1238 957 1447 1004 sequacibus,
1477 958 1508 990 in
1536 958 1700 1004 splendore
1728 959 1770 992 (9⁸
1797 969 1909 993 ornatu
1935 969 2009 1002 pre-

1243 1009 1392 1050 nolarum
1429 1007 1583 1051 vestium,
1621 1019 1686 1043 tam
1713 1023 1749 1043 ex
1776 1009 1876 1051 ostro,
1914 1011 2010 1056 qucim

1242 1059 1409 1104 aurifrigio
1427 1086 1436 1100 ‚
1476 1056 1521 1095 ἴθ’
1550 1059 1584 1092 in
1612 1060 1704 1094 niveo
1731 1072 1816 1105 opere
1844 1060 2010 1094 Harmelt'-

1244 1123 1302 1149 no,
1331 1111 1372 1143 (9⁴
1397 1122 1433 1143 ex
1460 1110 1648 1151 manahim,
1673 1110 1847 1157 grisioque,
1878 1110 1924 1149 ἔφ’
1944 1123 2010 1145 va-

1243 1162 1310 1200 r1'o‚
1346 1160 1458 1205 quibus
1486 1162 1651 1194 Gallorum
1687 1162 1850 1205 Prmcipes
1886 1160 2010 1207 praeci·-

1242 1222 1302 1256 pue
1329 1221 1462 1245 utuntur
1478 1235 1488 1250 ,
1524 1212 1721 1245 vehementer
1747 1213 1909 1246 admirans
1939 1212 2009 1248 (5⁶6.

1248 1264 1313 1297 Pro
1341 1263 1507 1296 mandrino
1543 1263 1751 1309 legendum,
1790 1272 1847 1298 aut
1887 1261 2011 1297 saltem

1244 1313 1518 1360 intelligendum
1558 1315 1769 1352 Marturino,
1814 1314 1869 1348 vel
1912 1316 2011 1348 Mar-

1244 1363 1351 1396 trino:
1381 1364 1486 1408 pelles
1514 1363 1608 1396 enim
1639 1363 1859 1399 Mai-tarinae
1881 1377 2010 1411 magno

1245 1413 1280 1448 in
1319 1412 1451 1447 honore
1490 1422 1572 1447 tunc
1609 1423 1729 1448 erant:
1770 1414 1862 1460 quod
1900 1414 2011 1449 etiam

1246 1463 1457 1499 Helmoldus
1486 1463 1523 1498 in
1566 1463 1736 1498 Chronic.
1775 1465 1885 1499 sclav.
1926 1464 2010 1500 Lib.

1247 1514 1348 1562 prim.
1377 1515 1464 1561 Cap.
1496 1513 1597 1559 prim.
1626 1512 1663 1549 ἃ
1694 1514 1807 1548 Adam
1846 1516 2015 1550 Bremen-

1246 1564 1285 1600 sls
1314 1566 1400 1611 Cap.
1441 1575 1524 1610 227.
1560 1563 1820 1613 significarunt,
1859 1566 2015 1601 scriben-

1246 1616 1317 1651 do:
1361 1616 1423 1650 Ad
1465 1616 1686 1650 Marturinam
1727 1616 1841 1658 vestem
1881 1617 2015 1651 anhela·

1247 1680 1339 1705 mus,
1378 1665 1466 1712 quali
1493 1669 1538 1700 ad
1573 1666 1724 1711 Jummlam
1762 1667 2014 1703 beatitudinem.

1248 1720 1439 1753 Enumerat
1467 1717 1560 1751 idem
1593 1717 1704 1752 Adam
1733 1719 1820 1763 Cap.
1846 1730 1929 1766 229.
1958 1717 2015 1753 in-

1248 1777 1301 1804 ter
1328 1767 1555 1803 instrumenta
1594 1768 1710 1803 inanis
1749 1769 1880 1818 gloriae
1918 1769 2017 1813 pelles

1248 1822 1408 1861 Castorum
1436 1820 1478 1852 (9‘
1505 1821 1717 1858 Mammam,
1748 1832 1826 1866 quae
1862 1832 1917 1854 nos
1953 1820 2014 1854 ad-

1250 1874 1414 1904 miratione
1445 1869 1499 1912 sui
1535 1872 1690 1904 dementes
1724 1870 1876 1914 sariunt.
1917 1870 2017 1905 Hinc

1250 1920 1442 1956 Bernardus
1479 1921 1651 1966 Sylvester
1686 1922 1845 1969 egregius
1884 1919 2016 1956 verfifi·

1250 1983 1347 2007 cator
1383 1972 1470 2018 apud
1514 1971 1715 2007 Gervafium
1755 1970 2014 2007 Tilberiensem

1250 2023 1286 2058 in
1308 2022 1406 2057 otiis
1435 2022 1613 2068 Imperial.
1644 2036 1708 2072 pag
1735 2034 1821 2071 975.
1844 2022 2014 2071 Scriptor-

1252 2072 1505 2109 Brunlwicens.
1530 2075 1603 2109 ait:

1303 2174 1441 2216 cisimus
1479 2173 1614 2222 obrepsit
1633 2197 1645 2213 ,
1685 2175 1738 2208 &¹
1767 2174 1922 2217 vestitura
1958 2183 2017 2220 po-

1405 2236 1526 2259 tentum

1302 2276 1466 2312 Marturis
1482 2300 1492 2315 ‚
1529 2276 1572 2310 (9¹
1591 2275 1694 2323 spolio
1721 2289 1781 2310 non
1807 2275 1924 2311 leviore
1950 2277 2016 2311 Be-

1404 2340 1462 2361 ver
1477 2339 1499 2370 ‚-

1255 2428 1337 2465 idest
1379 2430 1486 2472 pelles
1527 2429 1752 2467 castorinae.
1789 2431 1881 2465 Nam
1925 2424 2019 2474 quod

1253 2481 1435 2517 Gervafius
1471 2482 1563 2517 idern
1607 2480 1753 2519 scribit,
1791 2479 2019 2515 monstratum

1254 2531 1316 2569 fibi
1343 2537 1495 2569 Reverem
1521 2533 1645 2569 am'mal
1670 2531 1764 2580 juxta
1790 2531 2022 2624 CaJZZJI-rzmst·
