2206 3131
215 224 296 265 193

519 207 889 251 DJSSERTATIO
948 204 1327 248 VIGESIMASEX
1338 208 1406 248 ΓΛ
1422 237 1434 249 .

1660 225 1743 264 194

155 276 194 305 ut
220 280 342 305 omnes
371 274 520 307 norunt,
555 267 648 314 quod
677 267 792 303 Gallis
820 271 917 310 croc,
949 268 993 302 ,A
1034 265 1115 310 pho.
1148 263 1270 299 Nostra
1299 268 1381 299 vero
1411 278 1481 300 vox
1510 268 1670 315 Rampino
1691 283 1709 304 a
1729 270 1799 305 La-

152 317 303 355 ferreum
333 317 501 353 videlicet
529 317 819 358 instrumentum,
853 331 915 353 un—

154 369 205 405 cis
234 369 389 418 pluribus
419 368 601 412 constanS,
640 370 738 418 cujus
775 378 848 404 erat
877 383 916 404 u-

152 420 207 457 sus
234 421 270 455 in
299 419 437 455 tuendis
464 419 670 464 moenibus,
698 421 779 456 dum
811 420 916 455 hostis

150 471 324 517 impetum
354 470 502 507 faceret.
532 475 737 518 Harpagones
765 470 916 507 Latino-

150 534 227 558 rum
257 532 316 557 aut
344 521 452 557 iidem
482 531 541 558 aut
571 536 690 571 parum
712 524 753 558 ab
782 522 826 558 iis
846 521 915 557 dis-

148 571 279 609 ssmiles
307 571 421 609 fuere.
451 575 490 608 In
519 572 699 609 ascendere
728 575 915 612 volentes,

149 633 211 659 aut
239 624 346 659 ariete
376 637 514 659 murum
543 626 757 665 lacerantes,
785 625 915 660 demit—

148 675 315 710 tebantur
353 674 502 720 Graffia,
539 674 577 711 &
614 675 638 711 fi
675 690 780 725 quem
817 675 916 712 uncis

147 724 412 772 implicabant,
449 726 486 761 in
525 726 673 763 sublime
711 727 824 762 statim
863 740 916 762 ra-

145 776 314 824 piebant.
341 779 519 813 Habemus
545 778 673 813 Dionis
702 777 810 813 Caffii
839 790 916 812 ver-

149 827 194 863 ba
221 827 258 863 in
288 827 406 863 Severi
431 829 537 870 Vita,
564 830 597 864 &
621 828 742 863 Taciti
772 829 809 863 in
834 828 914 864 Lib.

147 890 184 925 4.
230 878 414 915 Historiar.
458 893 545 927 quae
587 878 654 914 suis
697 879 915 929 temporibus

148 941 221 964 non
251 930 413 977 ignotum
453 943 564 977 neque
603 929 778 966 insuetum
816 929 915 965 fuiffe

148 978 319 1027 ejusmodi
351 980 615 1016 instrumentum
641 980 807 1017 bellicum
836 995 914 1029 pro-

148 1029 258 1065 dunt.
287 1031 380 1065 Vide
409 1031 564 1077 Lipfium
595 1032 677 1068 Lib.
709 1044 741 1078 5.
771 1034 858 1075 Cap.
881 1035 915 1068 8.

148 1081 341 1117 Poliorcet.
388 1082 540 1130 Ejusque
587 1083 684 1118 usum
728 1084 766 1118 in
813 1083 916 1118 ltalia

149 1131 351 1177 praesertim
396 1133 466 1179 post
504 1135 665 1169 Seculum
705 1136 748 1169 X.
785 1133 915 1182 reperi-

148 1194 248 1217 mus:
289 1196 392 1231 quam
425 1183 461 1218 in
492 1198 562 1219 rem
603 1186 716 1220 multa
753 1186 916 1233 exempla

147 1231 417 1280 suppeditantur
444 1235 486 1269 ab
515 1235 683 1272 Historiis
710 1250 729 1272 a
758 1250 814 1272 me
842 1236 917 1271 edi-

147 1283 195 1320 tis
224 1285 260 1320 in
289 1283 519 1322 Colle&ione
558 1289 636 1323 Rer.
677 1287 833 1323 Italicar.
866 1289 915 1321 U—

147 1347 234 1371 num
264 1341 309 1370 do
334 1338 578 1372 Gualvaneum
601 1338 642 1372 de
670 1339 702 1372 la
732 1339 916 1380 Flamma,

147 1386 212 1433 qui
249 1388 335 1431 Cap.
381 1399 459 1432 143.
500 1387 675 1433 Manipul.
716 1390 810 1422 flor.
839 1389 916 1422 To-

147 1447 211 1471 mo
233 1438 282 1470 XI
312 1438 389 1471 Rer.
415 1437 569 1472 Italicar.
592 1437 808 1473 obsidionem
833 1437 915 1473 Me-

148 1486 386 1521 diolanensem
420 1487 615 1523 describens
643 1503 660 1523 a
689 1487 859 1524 Conrado
890 1489 915 1523 l.

146 1536 308 1584 Augusto
340 1536 534 1576 venustam,
573 1538 667 1573 inter
694 1550 807 1574 cetera
835 1538 911 1573 ait:

147 1587 264 1623 Armis
302 1587 449 1630 fialgebat
485 1599 568 1622 terra
589 1615 597 1624 .
638 1589 767 1624 Uncim's
803 1588 915 1632 ferreis

146 1638 324 1675 attrahitur
352 1637 462 1679 hostis.
506 1641 628 1686 Neque
658 1640 734 1675 heic
764 1640 913 1675 reticen-

148 1688 257 1730 dum,
287 1690 328 1723 ab
359 1690 499 1737 Angelo
522 1690 727 1726 Monofinio
755 1690 791 1726 in
822 1693 916 1726 Flor.

147 1740 312 1788 Linguae
344 1740 455 1775 Italic.
485 1742 566 1777 Lib.
598 1741 733 1789 prim0‚
762 1755 782 1776 e
808 1743 917 1777 Grae—

147 1803 192 1827 co
220 1793 325 1826 verbo
347 1803 469 1829 voantur,
494 1794 587 1840 quod
608 1792 652 1828 est
675 1793 829 1837 scrihere,
858 1792 915 1827 de-

149 1841 298 1876 dublum
342 1842 440 1880 fuiffe
484 1845 648 1880 Italicum
691 1844 840 1890 Graffare
881 1845 915 1878 ὃ(

148 1892 333 1936 Graffiare.
364 1897 464 1931 Hanc
495 1895 764 1945 Etymologiam
793 1895 915 1939 veriffi—

147 1956 232 1978 mam
270 1944 460 1994 Menagius
501 1948 536 1983 in
575 1947 659 1983 Lib.
696 1948 738 1982 de
776 1946 917 1994 Origin.

147 1993 310 2043 Linguae
352 1998 466 2034 Italic.
505 1999 678 2047 appellat.
717 1996 855 2033 Contra
883 2011 918 2032 e-

148 2058 195 2092 go
234 2046 352 2082 falsam
394 2060 505 2095 puto,
543 2047 702 2092 Graffiare
739 2046 918 2094 (fortaffis

149 2096 184 2130 ἃ
215 2097 384 2139 Grefigner
412 2100 620 2144 Gallicum)
649 2111 666 2132 a
696 2096 839 2141 Graffi'O,
878 2097 917 2132 fi-

149 2158 194 2180 ve
227 2146 455 2184 lnstfumenfo
493 2149 661 2185 uncinato
694 2148 916 2183 efformatum

149 2196 197 2232 est
226 2211 295 2244 quo
322 2200 456 2244 aliquid
489 2199 758 2242 prehendimus,
787 2210 846 2234 aut
867 2200 917 2234 la-

152 2260 338 2284 ceramus.
377 2249 535 2295 Grafflum
575 2253 656 2286 vero
694 2250 736 2285 ab
772 2250 916 2298 antiqua

150 2310 241 2335 voce
270 2302 440 2337 Saxonica
465 2304 612 2347 Crapho,
641 2302 847 2347 Krappelen,
876 2302 916 2337 ad

151 2362 216 2385 nos
247 2352 366 2396 venit,
397 2367 499 2401 quam
535 2353 641 2403 Angli
673 2355 848 2389 Saxonum
875 2352 915 2388 fi-

104 2434 107 2437 ,
153 2399 198 2434 lii
227 2402 384 2446 servant,
423 2407 562 2445 Gapole
600 2405 816 2450 appellantes
855 2404 916 2443 id,

154 2453 249 2495 qussd
278 2456 377 2490 nobis
407 2456 448 2490 ’.Η
479 2460 617 2496 Usu-ino,
656 2454 690 2491 &
735 2456 915 2499 Rzmpino.

155 2499 196 2534 11¹
227 2503 353 2540 Gloffis
382 2508 582 2542 Theotincis
613 2506 848 2542 verust.ffimis
874 2506 916 2541 ab

156 2550 313 2591 Eccardo
341 2557 445 2595 editis
480 2558 611 2609 legitur
650 2561 811 2604 Ummus,
847 2571 915 2593 cra—

952 2092 1006 2126 ,ΕΑ

1037 316 1115 350 tino
1156 319 1346 362 Har-pagane
1384 313 1520 358 fluxit,
1557 319 1724 356 converso
1762 319 1800 354 in

1036 366 1256 409 Rampicone,
1293 377 1397 413 quam
1428 379 1550 401 vocem
1590 369 1800 405 Boccaceius

1037 425 1233 457 memorat,
1271 417 1302 450 8<
1343 416 1514 452 inta&am
1544 418 1691 465 reliquit
1719 419 1802 455 Me-

1036 467 1178 516 nagius.
1214 468 1281 502 Pro
1310 467 1439 515 exiguo
1469 481 1559 504 unco
1592 468 1719 504 itidem
1747 470 1802 505 di-

1035 533 1117 555 xere
1160 518 1352 563 Rampicino
1378 545 1388 561 ‚
1434 519 1467 552 δ(
1515 519 1672 555 breviata
1715 533 1803 555 voce

1037 571 1218 617 Rampino.
1249 574 1370 617 Atque
1399 568 1461 604 isto
1489 571 1595 605 etiam
1629 572 1802 606 vocabulo

1036 621 1114 657 usus
1135 621 1179 657 est
1199 623 1290 656 Otto
1318 623 1467 655 Morena
1496 620 1531 655 in
1553 621 1685 657 Histor.
1707 624 1804 658 Lau-

1035 672 1147 708 denfi.
1176 675 1222 707 Et
1250 671 1399 707 fortaffis
1421 685 1463 707 ex
1491 671 1562 720 ipsa
1586 685 1670 708 voce
1691 677 1804 716 Κηφ-

962 731 990 765 Β
1032 726 1123 771 pelen
1152 722 1271 770 (idem
1302 722 1384 758 haec
1413 722 1457 757 est
1477 733 1582 770 atque
1605 727 1702 767 Creep
1725 725 1803 758 An—

1036 775 1191 823 glicum,
1222 774 1314 820 quod
1344 773 1423 819 Crr'p
1451 774 1711 822 pronuntiant)
1742 783 1802 809 aut

1036 839 1053 860 e
1082 825 1258 861 Saxonico
1286 826 1432 869 Gripum,
1460 825 1491 859 &
1522 825 1708 860 Cimbrico
1734 829 1806 860 vst-

1035 880 1145 924 Grypa
1174 877 1287 924 (quas
1327 888 1429 911 voces
1467 875 1556 920 apud
1595 874 1802 911 Hichefium

1035 928 1201 975 reperio)
1232 926 1403 975 profluxit
1441 926 1608 961 Italicum
1637 929 1804 973 Grappare

1035 978 1073 1015 δί
1101 978 1348 1026 Aggmppmst,
1380 978 1581 1024 Aggraffare
1608 979 1641 1012 8(
1670 982 1804 1024 Arrap-

1031 1042 1129 1076 pare,
1166 1029 1229 1064 nisi
1261 1042 1299 1064 ea
1330 1030 1431 1063 malis
1470 1029 1511 1062 ab
1539 1032 1703 1074 Adrepere
1730 1030 1803 1063 La-

1035 1081 1113 1115 tino
1132 1105 1141 1114 .
1172 1080 1208 1115 Id
1237 1080 1331 1114 enim
1363 1079 1464 1114 nobis
1493 1078 1687 1126 fignificat,
1715 1079 1804 1112 uncis

1034 1129 1181 1165 mamhus
1208 1131 1336 1176 aliquid
1360 1129 1527 1177 prensare,
1554 1131 1587 1164 ἃ
1613 1141 1735 1164 manus
1765 1129 1803 1164 in

958 1185 1002 1224 C*
1033 1180 1175 1226 Graffii,
1214 1181 1268 1217 seu
1298 1182 1438 1225 Grappli
1476 1179 1625 1215 formam
1655 1193 1804 1215 conver·

1033 1243 1126 1268 tere.
1155 1234 1208 1268 Ita
1236 1233 1488 1277 Arrampicare‚
1518 1230 1610 1278 quafi
1640 1245 1658 1266 e
1686 1229 1803 1266 mani-

1034 1284 1095 1320 bus
1116 1285 1148 1318 ἃ
1173 1283 1316 1330 pedibus
1345 1283 1523 1328 Rampinos
1554 1282 1608 1316 seu
1633 1282 1804 1324 Rampico-

1033 1348 1085 1368 nes
1114 1335 1320 1371 efformare,
1363 1343 1401 1367 ut
1437 1334 1474 1367 in
1504 1332 1649 1366 arduum
1679 1332 1802 1367 locum

1033 1384 1259 1420 ascendatur.
1299 1385 1412 1418 Erunt
1448 1382 1510 1430 qui
1541 1392 1686 1430 putent,
1715 1381 1799 1418 inde

1033 1436 1139 1470 etiam
1167 1433 1356 1470 conflatam
1387 1433 1533 1469 ssmilem
1557 1446 1680 1468 vocem
1713 1436 1802 1467 Iner-

1029 1486 1163 1532 picare,
1193 1499 1263 1521 non
1292 1496 1410 1520 autem
1439 1499 1481 1520 ex
1512 1489 1624 1528 Repo,
1653 1494 1691 1518 ut
1721 1485 1803 1519 Me—

1035 1537 1157 1584 nagius
1198 1536 1243 1570 est
1284 1545 1449 1579 opinatus
1475 1561 1483 1568 .
1531 1535 1616 1567 Inde
1659 1546 1802 1580 quoque

1034 1586 1267 1634 H²spanicum
1299 1585 1524 1630 Engarrasar,
1556 1586 1721 1631 Unguibus
1742 1595 1802 1631 ap—

950 1628 997 1673 ·l)
1031 1641 1220 1682 prehendere
1242 1636 1390 1683 alt'qul'd.

1088 1690 1197 1723 Porro
1224 1701 1330 1734 quum
1364 1687 1454 1721 bella
1482 1694 1542 1721 aut
1571 1685 1663 1721 inter
1690 1685 1801 1722 Cives

1036 1738 1248 1774 faffionibus
1278 1737 1452 1772 intestinis
1480 1737 1710 1776 dilaceratos,
1740 1746 1803 1774 aut

1036 1803 1114 1825 cum
1154 1788 1305 1824 hostibus
1343 1788 1525 1828 externis,
1564 1786 1802 1836 frequentiffi-

1037 1854 1091 1875 ma
1121 1839 1339 1887 temporibus
1369 1838 1412 1872 iis
1441 1839 1569 1877 effent,
1607 1840 1704 1873 nulla
1733 1838 1802 1873 Ci-

1036 1891 1128 1926 vitas
1156 1900 1251 1933 erat,
1289 1890 1426 1925 nullum
1456 1888 1665 1937 Oppidum,
1703 1888 1802 1936 cujus

1041 1943 1174 1988 Populo
1205 1940 1300 1988 saepe
1327 1941 1365 1976 in
1394 1953 1487 1975 arma
1516 1952 1635 1982 ruere,
1665 1951 1702 1974 ac
1733 1939 1803 1974 mi-

1036 1992 1152 2028 litiam
1175 2021 1184 2034 ‚
1214 1992 1323 2027 vellet
1352 1991 1489 2031 nollet,
1527 1989 1677 2025 ediscere
1714 2002 1802 2038 opus

1037 2057 1106 2078 non
1136 2043 1246 2078 foret.
1276 2044 1464 2091 Ingruente
1488 2039 1702 2088 potissimum
1727 2041 1801 2076 bel-

1036 2095 1062 2130 li
1102 2094 1301 2130 necestitate
1339 2091 1487 2129 univerfi
1527 2090 1638 2127 Cives
1677 2092 1718 2126 ad
1747 2105 1802 2127 ar-

1038 2159 1092 2181 ma
1121 2146 1194 2193 apti
1225 2145 1259 2180 in
1289 2144 1481 2180 exercitum
1516 2142 1672 2188 prosilire
1702 2143 1802 2189 jube-

1037 2197 1186 2246 bantur;
1216 2206 1273 2232 aut
1303 2195 1323 2229 fi
1354 2193 1462 2230 castri
1493 2193 1643 2241 alicujus
1665 2192 1803 2229 obfidio

1037 2247 1194 2284 facienda
1222 2256 1316 2287 erat,
1346 2245 1452 2279 modo
1482 2257 1556 2291 pars
1585 2257 1652 2280 una
1685 2245 1801 2289 Popu-

1035 2299 1062 2335 li
1092 2310 1222 2335 armata
1240 2326 1249 2337 ,
1279 2296 1385 2331 mode>
1414 2309 1489 2342 pars
1519 2295 1627 2330 altera
1659 2295 1802 2342 (Quar-

1035 2352 1116 2386 teria
1148 2347 1440 2396 appellabantur)
1479 2345 1568 2381 illuc
1607 2345 1802 2382 deducet->a-

1036 2412 1114 2438 tur.
1145 2400 1356 2442 Neminem,
1377 2407 1415 2433 ut
1445 2407 1552 2445 puto,
1582 2396 1718 2445 pigebit
1740 2410 1802 2432 au-

1035 2452 1133 2496 dire,
1166 2451 1249 2499 quid
1279 2451 1386 2485 Anno
1414 2450 1625 2484 MCCCVI.
1666 2447 1703 2481 in
1737 2460 1801 2494 pu-

1001 2521 1003 2547 ῃ
1036 2504 1130 2539 blico
1178 2500 1330 2537 concilio
1377 2498 1532 2535 statuerit
1583 2496 1799 2534 Mutine-«fis

992 2560 1005 2602 J
1035 2553 1274 2605 Respublica,
1317 2561 1355 2590 ut
1397 2548 1529 2596 consta}
1563 2561 1610 2594 ‚ex
1645 2547 1797 2634 anfiquo
