2206 3131
202 228 285 276 '257

508 218 877 261 DISSERTATIO
926 215 1406 263 Vffifflz'masffl‘lst.

1635 241 1718 282 258

138 279 278 324 opinari
305 275 449 313 videtur
474 278 664 326 Menagius
691 278 733 314 de
760 278 900 327 Origin.
942 282 977 316 A
1023 287 1099 310 rum
1130 274 1336 310 Parthorum
1366 287 1470 325 atque
1493 284 1688 320 Tur-carum
1710 289 1781 322 Ar-

138 327 300 377 Linguae
331 327 486 363 ‘Italicae
513 353 523 363 .
564 328 677 364 Aliud
718 329 813 365 enirn
856 328 902 364 est

139 380 280 418 bucula,
316 379 406 414 unde
448 377 597 415 fortaffis
634 381 781 414 Bouclier
813 381 901 415 Gal-

140 431 250 467 licum
286 430 320 464 &
357 429 552 477 Anglicurn
584 431 719 468 Buckler
732 445 754 474 ‚·
787 429 826 467 ἃ,
864 444 901 466 a-

141 482 215 518 liud
241 480 382 515 Brocba.
411 481 450 516 In
479 479 613 517 Affifiis
638 481 901 528 Hierosolymi-

142 531 233 568 tanis
269 545 288 567 a
322 531 537 580 Du-Cangio
570 533 775 569 memoratis
812 532 901 581 legi-

140 591 218 618 tur:
249 585 304 617 En
330 582 431 627 l'escu
456 584 526 617 doit
551 585 645 618 avoir
669 588 746 619 deus
770 586 903 619 Broches

139 635 180 668 de
201 633 252 677 ser
277 643 344 668 tout
369 634 462 668 emmi
487 633 610 679 l'eJZ-u,
637 635 684 675 (ἔφ’
711 634 735 669 l'
745 646 834 671 autre
861 649 903 670 au

138 684 194 731 pi&
228 685 267 718 de
296 685 404 729 soute,
441 685 485 719 (9‘
518 686 650 721 doivent
685 686 761 729 estre
795 687 834 721 de
859 688 903 720 tel

135 733 261 782 grosse,
296 748 407 770 comme
442 735 468 770 il
503 739 665 780 vodront,
704 736 751 775 αἴθ’
785 740 825 771 de
860 738 903 770 tel

139 787 269 832 longeur
302 785 417 833 jusque
457 788 478 821 ἂ
518 801 562 822 un
599 788 656 831 pi?
677 813 689 831 ‚
730 787 774 820 (Τ
812 798 903 822 neent

136 838 213 883 plus
239 836 312 876 &aa
338 840 485 881 sprewa,
520 838 554 872 &
591 837 783 883 Insproccare
817 838 902 872 Mu-

141 886 333 924 tinensibus
360 888 454 924 idem
481 887 546 932 est,
574 886 745 923 videlicet
768 888 902 924 acumi-

141 947 264 974 natum
293 938 443 978 ferrum,
480 938 518 974 in
555 951 626 985 quo
653 937 817 987 infigitur
836 939 902 974 ali-

141 988 249 1036 quid.
278 992 432 1028 Vereor,
459 998 499 1024 ut
519 988 728 1025 Academici
757 991 902 1025 Floren-

140 1039 212 1074 tini
239 1038 277 1074 in
306 1037 544 1074 vocabulario
575 1040 664 1074 della
695 1040 812 1085 Crusca
839 1054 901 1076 vo—

140 1100 216 1124 cem
236 1090 361 1135 Sprocco
380 1099 539 1125 accurate
558 1090 806 1139 perpenderint
829 1090 902 1127 fue—

139 1139 284 1187 rintque
323 1138 572 1187 interpretati.
616 1143 726 1189 Porro
766 1143 902 1190 equites

138 1189 178 1227 in
206 1189 304 1238 equis
332 1189 486 1227 sedentes
514 1194 657 1228 Scutum
697 1202 758 1229 aut
785 1193 901 1229 Scuti-

141 1239 224 1277 feris
252 1242 406 1281 tradere,
434 1251 494 1278 aut
521 1243 563 1279 ad
591 1245 726 1280 collum
753 1243 815 1292 ipfi
844 1258 902 1294 ge-

139 1290 225 1328 stare
251 1291 428 1329 interdum
457 1293 731 1331 consueverunt.
759 1295 835 1342 Qui
855 1295 903 1332 ri-

138 1350 196 1378 tus
223 1342 360 1379 indicio
395 1343 461 1383 est,
497 1358 617 1380 eorum
647 1348 802 1393 Clypeos
831 1360 903 1382 me-

142 1392 273 1428 diocris
314 1393 518 1429 latitudinis
559 1393 686 1430 fuiss'e.
729 1396 904 1430 Talavaeii

141 1455 283 1491 quoque
323 1445 498 1493 appellata
540 1445 694 1482 creditur
734 1448 902 1493 quaedam

142 1495 359 1541 Clypeorum
390 1495 539 1543 species,
569 1496 732 1545 majoris,
761 1510 799 1532 ac
820 1496 904 1545 spis-

141 1542 239 1579 fioris
267 1544 422 1584 formae,
454 1546 508 1581 uti
534 1547 703 1594 opinatur
731 1548 903 1583 Du—Can—

139 1593 218 1642 gius
246 1593 283 1630 in
311 1595 512 1636 Gloffario‚
539 1596 601 1644 qui
629 1598 663 1632 ὃ(
691 1597 810 1633 addit:
843 1601 903 1632 Vo-

139 1657 201 1679 cem
228 1646 389 1681 Gallicam
414 1647 498 1682 alibi
523 1647 707 1694 usurpatam
732 1648 792 1683 vix
818 1660 904 1694 repe—

141 1695 222 1731 ries.
249 1698 303 1731 At
328 1709 370 1732 ne
399 1698 499 1733 Italis
519 1698 661 1745 quidem
690 1699 774 1735 haec
801 1699 903 1748 igno-

140 1753 202 1781 ta.
240 1747 480 1784 Rolandinum
516 1749 597 1785 audi
634 1751 717 1787 Lib.
755 1752 788 1786 8.
816 1752 902 1797 Cap.

144 1808 201 1832 10.
243 1797 416 1835 Chronici
443 1827 454 1843 ‚
497 1800 540 1836 ad
581 1802 726 1837 Annum
773 1801 903 1837 Christi

142 1849 355 1885 MCCLVI.
397 1851 492 1886 Circa
526 1852 673 1886 ducentos
710 1852 831 1897 pedites
865 1855 904 1886 de

143 1899 316 1940 Vicemia,
353 1901 397 1935 (9‘
434 1903 596 1937 Vicentino
629 1903 802 1946 dt'slrift'u,
838 1917 904 1938 cum

146 1950 336 1986 Talavaciis
354 1952 473 1994 statuit
493 1954 590 1999 super
615 1956 729 1989 turrim
757 1952 803 1993 ὗ*
831 1965 904 2002 por-

143 2010 211 2035 z‘azn
238 2002 281 2036 δ’
305 2003 451 2050 [pallium
477 2008 516 2039 de
542 2007 751 2041 Pomecorbo.

197 2051 256 2087 Ad
280 2055 398 2096 Jacula
423 2053 460 2089 ἃ
486 2054 638 2103 Sagittas
663 2056 791 2091 redeo:
819 2059 906 2091 Dar-

144 2102 180 2135 a'i
206 2102 239 2136 δε
267 2104 462 2138 Giavellotti
496 2115 684 2141 occurrunt
719 2106 809 2154 apud
846 2119 920 2141 *le-¹

146 2162 263 2188 teres:
306 2155 377 2189 tela
419 2154 560 2190 miffilia
601 2155 718 2192 fuere.
755 2156 814 2192 Ab
852 2157 906 2192 his

146 2216 268 2251 parum
300 2203 472 2241 absimilia
508 2205 647 2243 fortasse
684 2206 825 2243 fuerunt
852 2221 905 2243 ar-

144 2266 224 2298 ma,
252 2255 432 2290 Giavarine
458 2254 504 2294 &⁵
531 2257 725 2293 Chia-verine
751 2260 905 2307 appella-

145 2314 205 2340 ta.
242 2305 279 2341 Si
317 2319 336 2342 a
362 2307 471 2342 Cla-va
497 2307 718 2344 diminutivo
746 2322 817 2345 vox
844 2310 905 2345 ista

144 2354 343 2397 descendit,
370 2358 443 2406 ejus
469 2357 543 2394 vim
573 2359 676 2395 facile
703 2360 904 2409 intelligas.

146 2405 208 2441 Sin
245 2408 357 2444 veluti
391 2410 500 2444 Pilum
536 2423 642 2447 manu
678 2410 905 2460 intorqueba-

149 2464 206 2491 tur
231 2457 268 2492 in
295 2459 453 2505 hostem,
490 2461 632 2498 aliunde
659 2461 704 2497 est
739 2462 838 2498 illius
865 2475 905 2496 o-

149 2504 226 2554 rigo
252 2510 416 2552 petenda.
443 2511 502 2547 Ad
528 2512 614 2548 haec
632 2513 808 2560 Sagittarii
828 2525 902 2548 me-

147 2559 309 2598 morandi
336 2560 441 2608 sunt,
477 2562 539 2611 qui
575 2564 617 2598 ad
644 2576 777 2599 morem
807 2572 906 2599 vete-

957 1651 985 1682 (2

1024 338 1066 360 cu
1093 323 1243 373 fimplici
1273 327 1460 364 utebantur
1495 332 1536 366 ad
1572 336 1719 381 sagittas
1744 349 1782 372 e-

1023 375 1214 411 mittendas
1239 402 1248 410 .
1288 381 1453 420 Arcani,
1493 385 1664 419 Amatores
1704 387 1783 423 sunt

1023 426 1238 474 nuncupati:
1270 428 1371 463 nobis
1392 433 1540 468 Arcieri.
1570 436 1692 469 Freccie
1719 451 1783 472 no-

1024 490 1105 513 men
1141 477 1296 513 inditum
1334 492 1473 528 quoque
1509 483 1579 520 fuit
1612 485 1784 535 Sagittis.

1025 528 1217 564 Successere
1253 529 1366 576 postea
1395 534 1552 576 Ballistae
1581 538 1784 578 manuales,

1026 593 1111 628 quas
1138 579 1279 622 Batestre
1306 579 1344 616 ὅ(
1373 584 1511 626 Baleslri
1537 589 1758 635 appellarunt
1775 616 1786 634 ,

1026 630 1294 666 instrumentum
1322 645 1446 681 nempe
1474 636 1657 685 ligneum,
1687 641 1786 683 Arcu

1027 681 1138 717 ferreo
1166 691 1361 723 armatum,
1391 686 1479 721 unde
1507 689 1633 736 majori
1663 689 1698 726 vi
1727 692 1787 726 Sa-

1027 732 1139 781 gittae
1170 733 1463 772 excutiebantur.
1500 740 1686 782 Balestrieri
1721 755 1785 776 no·

1029 784 1108 827 bis,
1139 784 1313 826 Balrstarii
1350 787 1506 835 antiquis
1535 791 1653 828 vocati
1682 791 1786 832 sunt,

1027 834 1073 870 iis
1101 844 1258 870 utentes.
1287 837 1334 871 Et
1361 837 1490 886 duplex
1519 841 1659 888 quidem
1689 843 1786 877 Bali-

1019 885 1143 928 starum
1169 898 1276 934 genus
1313 886 1403 924 fuit.
1438 890 1544 927 Aliae
1581 894 1787 939 manuales,

1027 937 1154 984 quibus
1178 939 1303 984 pedites
1333 939 1541 982 utebantur,
1572 957 1787 992 quamquam

1026 989 1060 1022 ἃ
1089 987 1267 1023 interdum
1295 1000 1483 1027 occurrunt
1509 995 1628 1040 equites
1655 997 1789 1037 balista-

1028 1039 1099 1080 rii;
1125 1039 1220 1074 leves
1247 1052 1397 1089 nempe,
1433 1056 1521 1090 quae
1548 1046 1590 1080 ab
1619 1058 1688 1081 uno
1725 1046 1790 1081 ho-

1028 1089 1124 1124 mine
1151 1091 1334 1126 exonerari
1372 1101 1555 1140 poterant.
1592 1097 1700 1132 Aliae
1728 1110 1789 1132 va-

1028 1139 1195 1179 lidiores,
1223 1141 1408 1178 machinae
1435 1143 1665 1193 jaculatoriae
1682 1175 1692 1191 ‚
1729 1161 1789 1197 ap-

1029 1191 1179 1239 pellatae
1219 1191 1364 1238 Groffae‚
1401 1207 1420 1229 e
1456 1195 1583 1243 quibus
1625 1198 1791 1248 projicie«

1030 1243 1157 1278 bantur
1192 1244 1262 1277 tela
1299 1245 1433 1292 majora
1469 1259 1509 1281 ac
1546 1248 1710 1298 longius.
1750 1252 1789 1285 In

1029 1293 1297 1329 Additamentis
1334 1296 1376 1330 ad
1413 1296 1620 1333 Chronicon
1656 1303 1790 1336 Cortu-

1030 1343 1156 1378 fiorum
1193 1343 1276 1379 Lib.
1305 1356 1338 1380 2.
1367 1344 1457 1393 Cap.
1488 1359 1520 1383 2.
1550 1350 1669 1385 Tomo
1709 1354 1791 1388 ΧΠ.

1032 1406 1107 1442 pag.
1135 1404 1221 1441 795.
1250 1396 1329 1430 Rer.
1359 1397 1511 1434 italicar.
1540 1399 1600 1436 ubi
1631 1411 1791 1439 narratur

1032 1444 1206 1492 proelium
1243 1444 1374 1481 finistro
1407 1459 1538 1486 eventu
1566 1464 1584 1486 a
1612 1453 1792 1490 Florenti-

1031 1494 1085 1530 nis
1103 1495 1323 1532 commiffum
1341 1498 1451 1534 Anno
1465 1501 1693 1538 Mcccxv.
1712 1518 1790 1540 cum

1031 1545 1217 1593 Ugucione
1246 1547 1440 1594 Fagiolano
1457 1576 1467 1592 ‚
1495 1549 1579 1586 haec
1608 1554 1791 1603 praecipue

1031 1596 1253 1631 adnotanda:
1291 1600 1384 1643 ,Quae
1418 1599 1534 1634 videns
1568 1604 1683 1649 Ugutt'o
1709 1606 1794 1647 misit

1027 1657 1085 1694 pro
1113 1647 1294 1689 Balisseriis
1330 1649 1486 1694 Pisanis,
1523 1653 1579 1698 qui
1615 1665 1705 1689 erant
1732 1671 1791 1691 nu»

1031 1710 1111 1731 mero
1145 1708 1278 1744 quatuor
1317 1700 1431 1743 mille,
1467 1700 1515 1739 όν
1551 1716 1600 1737 eos
1632 1706 1793 1753 sagaciter

1030 1748 1197 1783 ordinavit
1224 1748 1257 1782 in
1286 1750 1368 1784 hunc
1395 1753 1537 1795 modum
1575 1758 1657 1800 quod
1691 1771 1793 1792 eorum

1030 1799 1128 1833 tertia
1160 1809 1237 1844 pars
1265 1800 1402 1845 sagittet
1435 1802 1469 1835 in
1496 1806 1677 1849 Lamzfiros
1711 1810 1793 1844 diffie·

1032 1849 1194 1893 Prin-cipis
1215 1863 1236 1892 ;
1269 1851 1339 1885 alia
1374 1852 1468 1886 tertia
1499 1865 1578 1898 pars
1614 1857 1793 1895 immediate

1033 1900 1176 1942 Balistas
1197 1901 1275 1945 suas
1307 1906 1457 1946 ponderet
1484 1918 1550 1939 cum
1577 1909 1792 1952 Muschettis‚

1033 1950 1080 1989 &²
1107 1952 1189 1998 quod
1214 1952 1287 1986 telis
1314 1953 1409 1987 etiam
1430 1955 1567 2002 sagittet
1578 1972 1598 1999 ,¹
1624 1960 1692 1995 alia
1718 1966 1792 1996 verb

1032 2002 1129 2037 tertia
1165 2013 1241 2049 pars
1277 2004 1467 2050 postmodum
1503 2006 1573 2052 jam
1609 2012 1794 2056 ponderatis

1032 2053 1170 2095 Baliflis
1189 2055 1340 2093 recutiat,
1368 2054 1415 2093 ὦ*
1436 2057 1665 2104 frequentando
1685 2063 1793 2110 sagit-

1033 2114 1100 2141 tare
1126 2117 1187 2138 non
1214 2103 1318 2151 ceffet,
1347 2106 1392 2142 cx>
1413 2121 1515 2142 omnes
1534 2110 1704 2155 inspiciant
1721 2116 1791 2158 prl-

1033 2169 1080 2189 mo
1116 2155 1150 2189 in
1186 2156 1367 2200 Lanciseros
1394 2158 1576 2205 sagittare,
1613 2163 1656 2196 67
1686 2166 1790 2210 stc-25:⁶3

1032 2206 1066 2240 in
1094 2219 1185 2253 equos
1211 2207 1349 2240 militum
1376 2210 1536 2256 Principis
1552 2238 1560 2246 .
1590 2215 1792 2252 Occurrunt

1031 2255 1110 2292 heic
1147 2257 1369 2302 Muschettae,
1406 2260 1504 2307 cujus
1540 2264 1665 2304 vocis,
1702 2279 1789 2313 quae

1030 2306 1072 2343 fit
1117 2302 1326 2356 significatio
1345 2333 1355 2348 ,
1401 2311 1621 2358 aliquantum
1670 2316 1790 2354 innuit

1029 2357 1194 2394 Marinus
1223 2360 1372 2395 Sanutus
1408 2360 1548 2409 senior,
1586 2366 1684 2414 cujus
1712 2381 1789 2404 ver-

1030 2409 1072 2445 ba
1107 2408 1186 2444 sunt
1222 2410 1304 2446 Lib.
1343 2423 1375 2446 2.
1413 2423 1500 2460 part.
1536 2428 1572 2461 4.
1611 2419 1697 2465 Cap.
1729 2431 1786 2456 22.

1028 2463 1116 2495 Haec
1141 2461 1246 2495 eadem
1272 2462 1416 2505 Balistae
1441 2465 1507 2499 tela
1539 2465 1657 2512 possent
1683 2470 1788 2504 trabe-

1027 2524 1079 2550 re,
1106 2524 1184 2558 quae
1206 2513 1403 2557 Muschettae
1421 2515 1601 2561 vulgariter
1619 2521 1787 2565 appellan-

997 2593 1002 2607 Β
1026 2572 1097 2597 mr.
1127 2564 1173 2597 Et
1200 2560 1449 2600 in'C-hmnico
1485 2566 1610 2602 Efienfi
1639 2570 1678 2604 ad
1710 2573 1785 2607 An-

1647 2633 1726 2654 ’‘¹''1Tl
