2206 3131
458 224 511 266 Μ

370 236 461 313 ΙΞΊΞ.
481 275 740 312 ARLIOTID.
761 274 858 321 Quid
881 274 1051 324 significet
1070 290 1130 324 po·
1166 276 1202 310 A

368 328 527 363 stremum
567 327 633 362 hoc
671 327 851 365 Anima,
889 326 909 361 fi
950 328 1034 362 bene
1072 328 1130 362 de·

365 378 514 424 scriptae
543 377 620 413 sunt
648 378 793 416 literae,
830 377 1047 413 acutioribus
1074 377 1129 412 in-

365 429 478 477 geniis
516 428 770 464 decernendum
809 428 993 474 relinquo.
1032 427 1130 474 Quid

364 483 449 515 vero
477 479 497 513 sl
528 480 712 527 legendum
755 478 874 526 potius
913 479 965 514 ibi
995 480 1130 514 censeas

363 531 433 566 AC
462 532 603 566 LOTH
634 533 686 573 D,
715 529 798 566 idest
823 533 877 564 Ac
904 530 1132 576 Lotharingiae

365 584 477 616 Dux?
507 583 677 616 Attamen
708 582 799 617 nihil
829 581 960 615 statu0.
1000 580 1039 615 In
1070 593 1128 624 po—

365 631 447 667 stica
489 645 551 680 pro
596 631 754 677 symbolo
798 630 979 667 brachium
1018 643 1128 665 arma-

362 692 469 725 tum,
511 682 641 717 nudum
680 682 792 718 ensem
832 693 936 730 atque
975 680 1128 716 eretstum

362 742 506 768 tenens.
529 733 679 768 Accedit
702 735 851 769 lemma:
878 734 1028 769 FECIT
1053 734 1129 767 ΡΟ·
1171 726 1198 759 Β

364 785 605 820 TENCIAM
634 786 689 820 IN
717 786 944 820 BRACHIO
972 786 1084 820 SVO.

379 860 567 907 Alphonfi55
597 863 621 896 I.
649 860 888 906 Aragonenlt's‚
927 860 970 894 (9⁰
997 861 1112 895 Ferdi-

492 914 615 946 mandas
643 914 668 946 I.
697 911 850 956 Neapolis
877 914 999 957 Reges.

472 986 656 1033 Lphonsus
684 987 711 1022 I.
740 986 895 1033 inclytus
921 987 1126 1035 Aragonum

497 1039 529 1073 &
559 1038 702 1073 Siciliae
731 1040 828 1079 Reiz.
859 1040 966 1073 Anno
994 1037 1126 1073 Christi

364 1090 662 1125 MCCCCXLII.
692 1088 871 1136 Neapoli,
909 1097 1013 1136 atque
1041 1089 1126 1123 adeo

366 1139 530 1176 universo
558 1142 679 1188 Regno
717 1139 851 1187 potitus
879 1138 945 1178 est,
983 1152 1053 1186 quo
1080 1139 1126 1174 il-

365 1192 441 1226 lum
500 1191 639 1226 tandem
693 1203 784 1224 mors
831 1191 940 1225 Anno
991 1189 1124 1225 Christi

363 1242 681 1278 MCCCCLVHI.
728 1240 852 1276 exuit.
902 1239 1037 1275 Primus
1084 1240 1124 1275 ad

364 1305 445 1328 eum
476 1291 630 1340 speeians
656 1294 831 1327 Nummus
859 1299 1062 1339 argenteus,
1090 1304 1123 1326 e-

366 1342 498 1391 jusdem
530 1342 634 1389 Regis
663 1341 821 1375 coronati
851 1350 954 1387 caput
982 1341 1126 1376 exhibet

364 1406 443 1428 curn
477 1392 707 1440 inscriptione
737 1393 1001 1426 ALFONSVS.
1031 1392 1126 1425 DEI.
1152 1428 1157 1440 ,

366 1445 572 1479 GRACIA.
618 1444 724 1477 REX.
770 1440 902 1477 Aversa
944 1453 1020 1488 pars
1062 1443 1127 1476 Fa-

367 1494 453 1530 scias
491 1494 595 1529 habet
632 1493 840 1541 pendentes,
876 1490 1008 1540 insigne
1038 1493 1126 1526 Ara-

369 1557 526 1593 gonum:
567 1543 807 1586 orizontales,
845 1542 977 1589 insigne
1014 1541 1126 1591 Regni

366 1594 584 1639 Hungarici:
616 1594 714 1629 Lilia
740 1594 772 1627 ἃ
795 1595 968 1636 Crucem,
996 1592 1128 1640 infigne

367 1637 482 1693 Regni
524 1643 755 1691 Neapolitani
792 1641 830 1678 &
869 1642 1127 1687 Hierosolymi-
1169 1631 1200 1663 D

367 1696 466 1735 tani,
495 1695 623 1730 additis
651 1694 764 1729 literis
802 1694 838 1728 in
867 1693 981 1729 limbo
1008 1693 1126 1729 CICI-

368 1748 463 1784 LlE.
492 1746 662 1781 CITRA.
690 1746 767 1780 ET.
797 1746 984 1780 VLTRA.

420 1796 592 1833 Secundus
621 1803 801 1843 argenteus
826 1808 844 1829 a
871 1797 1022 1842 Vei-gara
1051 1807 1130 1843 pro-

369 1847 493 1883 duc’tus
529 1846 633 1881 habet
660 1845 808 1893 insignia
844 1844 881 1880 in
911 1844 1129 1894 praecedenti

369 1906 564 1934 memorata
600 1909 678 1931 cum
716 1894 903 1943 epigraphe
940 1897 1131 1932 ALFON-

369 1951 452 1985 SVS
480 1948 566 1995 (seu
604 1947 898 1994 ALHONSVS)
928 1948 971 1981 D.
1009 1948 1052 1981 G.
1090 1947 1131 1980 R.

371 2001 525 2035 ARAG.
554 2001 589 2034 S.
617 1999 658 2033 C.
688 1999 732 2031 V.
761 1998 809 2031 H.
838 1996 920 2031 idest
961 1997 1023 2031 Dei
1054 2009 1130 2042 gra-

368 2052 422 2085 ειὶιῖ
450 2055 521 2085 Rex
540 2052 750 2095 Aragonum,
777 2047 909 2081 Siciliae
932 2047 1045 2084 Citra,
1076 2047 1131 2080 Ul-

371 2111 445 2144 tra,
482 2100 710 2144 Hierusalem;
749 2106 810 2132 aut
847 2097 1055 2143 Hungarr'ae,
1095 2096 1132 2131 in
1174 2104 1202 2137 E

373 2165 478 2199 quam
507 2165 549 2187 ex
578 2148 769 2197 adoptione
795 2147 972 2191 Johannae
998 2146 1045 2182 II.
1081 2147 1133 2195 ju-

373 2215 412 2238 ra
439 2201 500 2236 fibi
528 2199 732 2249 Alphonsus
760 2198 963 2246 tribuebat;
993 2205 1051 2232 aut
1074 2210 1134 2243 pro

374 2254 425 2289 H.
462 2252 647 2300 legendum
689 2253 727 2286 F.
768 2248 851 2285 idest
889 2248 1001 2288 Citra,
1045 2248 1136 2282 Ultra

373 2306 523 2339 Farum.
560 2302 601 2338 In
637 2299 754 2337 aversa
789 2298 879 2336 facie
915 2298 1032 2347 imago
1069 2296 1136 2334 five

375 2352 484 2402 Regis
512 2351 640 2402 ipfius,
681 2351 750 2386 five
778 2353 912 2387 Romae
939 2349 998 2385 sub
1025 2347 1136 2385 forma

372 2403 536 2440 mulieris
577 2402 727 2439 sedentis
752 2428 762 2445 ‚
803 2402 837 2437 8<
871 2400 1065 2438 Globulum
1099 2412 1137 2435 ac

366 2457 557 2499 §ceptrum
608 2452 762 2490 tenentis
785 2477 795 2492 ,
843 2465 922 2489 cum
974 2452 1138 2487 lemmate

365 2508 474 2549 DNS
500 2508 555 2542 M.
583 2506 731 2542 ALFO.
760 2505 898 2539 AIVT.
917 2504 959 2538 E.
976 2504 1019 2537 D.
1044 2504 1068 2537 1.
1085 2502 1139 2536 Μ.

363 2562 435 2604 ξος
461 2556 532 2598 est:
562 2557 719 2599 Dominus
739 2554 817 2592 mihi
835 2554 972 2600 Alfonso
990 2552 1138 2600 adjutor.

694 215 1139 274 ANTIQUIT.
1193 215 1453 259 MEDII
1495 218 1684 262 AEVI

1243 278 1314 322 Ego
1339 276 1508 323 despiciam
1537 279 1680 313 inimicos
1706 292 1810 316 meos.
1849 239 1887 317 S⁴i
1918 287 2004 321 Ver-

1241 339 1342 374 garae
1370 326 1474 368 fides,
1512 328 1595 364 haec
1624 330 1673 364 ibi
1705 329 1890 375 inscriptio
1918 334 2006 370 exfi-

1241 377 1298 412 stit
1328 380 1595 414 ALFONSVS.
1637 383 1680 416 D.
1710 382 1751 415 G.
1784 383 1824 416 R.
1855 385 1933 419 AR.
1970 388 2004 422 S.

1241 429 1280 463 E.
1302 430 1385 464 VN.
1420 433 1467 465 At
1497 430 1710 470 videndum,
1740 445 1780 466 an
1813 434 2006 480 praeferen-

1240 479 1281 514 da
1317 479 1356 514 fir
1392 480 1500 516 leffio
1529 494 1625 521 mea,
1664 495 1788 530 nempe
1819 485 1860 518 D.
1888 488 1931 520 G.
1963 489 2004 523 R.

1241 532 1394 565 ARAG.
1423 534 1454 566 S.
1483 534 1525 566 C.
1555 534 1599 567 V.
1630 534 1677 568 H.
1711 535 1765 568 vel
1789 536 1824 568 F.
1850 538 1910 568 Dei
1927 550 2006 583 gra-

1238 581 1286 613 tid
1317 584 1388 614 Rex
1414 585 1604 625 Aragonum
1621 609 1630 625 ,
1667 583 1799 617 Siciliae
1826 587 1919 621 Citra
1947 589 2005 621 U!-

1238 641 1290 665 tra
1307 658 1316 670 ,
1347 630 1545 673 Hierusalem
1562 659 1572 674 ‚
1602 633 1658 666 vel
1686 635 1827 669 Farum.

1290 681 1439 715 Tertius
1476 691 1679 728 argenteus,
1718 695 1820 730 quem
1852 688 2005 735 Vergara

1239 730 1404 769 exhibet,
1434 731 1635 767 adservatur
1661 745 1800 781 quoque
1823 737 2005 775 Bononiae

1240 795 1341 830 penes
1373 781 1527 816 amicum
1559 782 1672 818 virum
1711 786 1903 827 Johannem
1938 790 2004 825 Ba-

1240 831 1377 880 ptistam
1422 834 1641 869 Bianconum
1689 835 1842 872 Priorem
1880 841 2005 875 Eccle-

1240 882 1303 918 fiae
1334 884 1551 919 parochialis
1580 886 1621 920 de
1650 886 1681 921 la
1713 887 1941 932 Mascarella,
1969 892 2002 925 8(

1239 935 1392 970 Graecae
1433 935 1595 983 Linguae
1631 936 1669 971 in
1707 938 1848 982 Lycaeo
1886 940 2005 975 Bono-

1239 984 1346 1020 nienfi
1373 985 1619 1021 Professor-em.
1643 989 1676 1021 A
1703 989 1921 1034 praecedenti
1947 1003 2006 1038 pa-

1239 1049 1315 1071 rum
1345 1035 1522 1071 diffimilis
1550 1037 1619 1072 est.
1660 1037 1699 1072 In
1729 1038 1844 1073 antica
1875 1040 2004 1087 legitur

1240 1089 1496 1122 ALFONSVS
1535 1089 1579 1123 D.
1617 1089 1660 1122 G.
1701 1090 1740 1122 R.
1781 1091 1934 1125 ARAG.
1972 1095 2005 1128 S.

1240 1139 1282 1172 C.
1311 1139 1357 1172 V.
1387 1140 1424 1172 F.
1453 1138 1561 1173 Vides
1590 1137 1668 1173 heic
1697 1137 1898 1174 confirmari
1921 1155 2006 1176 (on-

1209 1196 1211 1213 ³
1240 1187 1408 1235 je&uram
1440 1201 1551 1224 meam
1590 1188 1775 1235 superioris
1813 1190 2006 1232 leehonis,

1209 1218 1212 1285 Ι
1242 1238 1379 1274 scilicet
1405 1239 1536 1273 Siciliae
1564 1240 1657 1273 Citra
1687 1241 1779 1274 Ultra
1802 1243 1941 1276 Farum.
1965 1244 2006 1278 In

1209 1289 1214 1373 .
1241 1288 1369 1337 postica
1396 1291 1428 1324 S.
1456 1289 1613 1324 additum
1651 1288 1781 1337 figurae
1817 1291 2006 1336 muliebri,

1242 1337 1334 1386 quasi
1373 1351 1432 1386 per
1458 1351 1533 1373 eam
1562 1340 1677 1372 Sicilia
1714 1339 1911 1375 indicetur.
1949 1342 2006 1379 Ibi.

1243 1389 1373 1423 lemma
1401 1401 1509 1435 nuper
1536 1388 1753 1433 explicatum
1783 1388 1818 1423 in
1849 1392 2006 1427 Secundo

1245 1440 1430 1482 Nummo,
1470 1440 1565 1474 DNS
1592 1440 1645 1474 M.
1674 1440 1838 1475 ADIVT
1865 1442 1931 1476 ET
1959 1443 2007 1477 E-

1245 1491 1313 1524 GO
1342 1491 1440 1524 DES.
1470 1490 1496 1524 I.
1525 1490 1578 1524 M.

1296 1540 1336 1575 In
1380 1542 1519 1585 Quarto
1565 1542 1724 1576 Nummo
1763 1554 1824 1590 par
1863 1542 1907 1578 est
1948 1542 2006 1579 in-

1212 1608 1215 1628 ι
1245 1590 1410 1632 scriptio.

1297 1641 1474 1686 Quinssus
1502 1656 1618 1678 aereus
1656 1642 1754 1690 parvi
1784 1644 1917 1679 moduli
1947 1657 2004 1679 ca-

1247 1700 1309 1738 put
1347 1692 1452 1739 Regis
1479 1693 1629 1728 ostendit
1657 1707 1734 1728 cum
1773 1694 1887 1730 literis
1915 1696 2005 1731 AL-

1246 1743 1430 1777 FONSVS
1474 1745 1516 1778 D.
1557 1746 1600 1779 G.
1646 1743 1817 1780 Visuntur
1857 1744 2004 1793 insignia

1247 1793 1392 1841 Regalia
1429 1793 1465 1828 in
1510 1794 1662 1838 postica,
1700 1807 1777 1829 cum
1816 1795 2003 1843 epigraphe

1247 1845 1288 1878 R.
1319 1844 1397 1878 AR.
1435 1846 1466 1879 S.
1495 1846 1537 1879 C.
1568 1847 1609 1879 V.
1640 1847 1675 1878 F.
1714 1844 1810 1891 cujus
1846 1845 2004 1892 explica-

1244 1892 1379 1929 tionem
1409 1893 1486 1929 heic
1513 1904 1666 1942 repetere
1695 1907 1762 1928 non
1793 1903 1917 1929 vacat.

1295 1946 1418 1980 Sextus
1445 1957 1587 1987 aereus,
1617 1943 1732 1979 nescio
1768 1945 1809 1979 ab
1841 1944 2003 1992 ipso-ne,

1243 2007 1286 2029 an
1315 1995 1356 2029 ab
1385 1994 1456 2030 alio
1493 2008 1668 2041 quoquam
1713 1994 1747 2028 in
1788 1994 1860 2041 ejus
1899 1996 2002 2043 Regis

1244 2045 1411 2080 honorem
1450 2045 1547 2080 cusus
1585 2045 1709 2079 fuerit.
1748 2045 1800 2079 Ibi
1830 2045 2002 2093 Alphonli

1213 2095 1387 2137 ¹imago,
1424 2096 1456 2130 8<
1495 2094 1531 2130 in
1570 2094 1718 2130 circuitu
1757 2095 1878 2130 literae
1918 2098 2004 2133 AL-

1243 2148 1426 2182 FONSVS
1464 2148 1558 2181 REX
1600 2147 1919 2181 ARAGONVM.
1959 2146 2002 2182 In

1241 2196 1357 2232 aversa
1386 2205 1482 2242 parte
1514 2196 1699 2238 vieioria,
1737 2210 1755 2231 a
1783 2196 2017 2232 currentibus

1241 2247 1338 2294 equis
1369 2245 1490 2285 veffia,
1518 2246 1555 2282 ἃ
1594 2247 1631 2281 in
1669 2247 1781 2282 limbo
1809 2248 2000 2283 VicToR

1241 2299 1418 2334 SICILIE
1450 2299 1612 2333 PRECI.

1292 2348 1467 2394 Septimus
1513 2356 1693 2384 areenreus
1735 2347 1775 2381 ad
1819 2347 2000 2382 Ferdinan-

1240 2400 1336 2437 dum,
1363 2397 1432 2433 five
1460 2398 1663 2431 Fernandum
1686 2399 1709 2430 Ῑ.
1737 2396 1907 2444 pertinet,
1938 2397 2000 2444 qui

1243 2447 1428 2500 Alphonso
1455 2446 1544 2491 patri
1574 2446 1610 2480 in
1642 2449 1761 2495 Regno
1791 2448 2000 2486 Neapolita-

1242 2515 1287 2537 no
1315 2497 1470 2536 succeffit
1503 2500 1606 2532 Anno
1633 2496 1763 2533 Christi
1804 2500 1998 2535 NJCCCC-

1241 2553 1378 2592 LVIII.
1415 2549 1471 2587 lbi
1505 2547 1626 2586 visitur
1662 2548 1780 2599 imago
1811 2550 1914 2635 Regliis
1943 2550 1998 2598 ip-

1910 2611 1948 2635 us
