2206 3131
253 223 339 277 ‘73'
529 216 892 261 DISSERTATJO
939 212 1484 263 VJGESIMASEPTJMA:
1679 217 1764 266 674

189 278 237 316 «ἢ
264 293 342 315 cum
370 277 555 326 epigraphe
582 280 813 313 CAROLvs
846 280 946 312 ovx
993 281 1026 315 A
1071 276 1201 326 potest,
1232 287 1269 312 ut
1298 276 1367 324 post
1395 278 1439 310 V.
1468 275 1602 321 legatur
1629 270 1734 306 etiam
1766 266 1821 304 L?

189 332 437 367 SABAVDIE
454 355 462 364 .
479 356 487 363 .
504 355 513 363 .
539 331 574 363 [n
600 328 714 363 aversa
737 327 825 362 facie
842 326 942 363 Crux

190 381 333 422 visitur,
361 378 399 415 &
419 378 623 423 inscriptio:
660 379 853 414 PRICEPS
883 380 949 414 ET

193 431 386 467 MARshio.
419 432 471 465 ΙΝ
500 431 707 465 1ΤΑῙ..ΙΑ.

241 479 528 528 Quadragefimus
580 490 761 528 argenteus
802 483 946 516 Scurum

192 531 417 579 gentilicium
447 530 681 566 sabaudienfis
712 531 880 566 familiae
909 545 947 566 o-

192 581 318 616 stendit
359 595 435 617 cum
466 581 558 616 hisce
586 582 715 617 circum
760 581 877 629 positis
906 583 950 616 li-

193 631 299 667 teris:
348 633 580 668 CAROLVS
622 634 666 667 ΙΙ.
716 634 829 667 DVX.
873 635 947 667 SA-

193 683 344 718 BAVD.
378 682 543 717 Posticam
572 684 670 718 Crux
690 692 860 732 occupat,
882 685 950 717 Or—

192 733 312 768 dinem
340 733 525 780 equestrem
556 733 670 768 saneti
702 733 872 768 Mauricii
895 734 949 767 in—

191 783 334 827 dicans,
378 797 458 819 cum
486 784 673 831 epigraphe
701 786 732 819 S.
762 785 949 818 MAVRI-

193 835 314 869 CIVS.
344 837 375 869 S.
405 833 458 869 M.
486 836 592 869 Hunc
621 836 817 869 Nummum
860 834 949 868 Gui-

194 883 385 920 chenonius
414 883 636 919 tribuendum
667 893 765 932 putat
792 885 903 918 Carolo
925 885 950 918 I.

190 936 297 979 Daci,
334 936 495 981 quamvis
532 936 663 969 Carolus
704 937 746 969 ῙῘ.
784 934 950 969 inscriba-

191 993 268 1027 tur,
296 984 334 1021 &
362 985 398 1020 in
427 985 559 1020 duobus
590 984 809 1031 sequentibus
834 988 949 1019 Secun-

188 1035 248 1069 dus
274 1034 470 1071 identidem
499 1036 718 1083 appelleturg
747 1036 786 1070 ea
813 1035 949 1070 ratione

191 1084 338 1129 duffius,
366 1086 458 1134 quod
488 1085 538 1120 ibi
566 1085 703 1121 dicatur
731 1089 806 1120 Dux
835 1088 871 1120 V.
897 1085 950 1120 Sit

190 1137 279 1182 apud
308 1149 385 1171 eum
416 1135 518 1170 fides.
547 1133 655 1170 Certe
682 1146 777 1182 petat
797 1135 949 1183 aliquis,

190 1198 252 1221 cur
279 1187 410 1220 Carolus
438 1189 565 1224 Bonus,
595 1186 784 1221 Sabaudiae
807 1189 880 1220 Dux
892 1188 949 1220 IX.

187 1234 223 1271 se
252 1236 361 1284 postea
388 1237 536 1271 Carolum
564 1239 606 1271 ΙΙ.
635 1237 672 1271 in
695 1236 761 1271 suis
783 1236 950 1272 Nummis

189 1286 342 1321 dixerit.
374 1289 497 1331 Neque
525 1285 626 1325 sane,
664 1287 757 1331 quod
784 1287 896 1320 Carolo
924 1288 950 1321 I.

189 1335 297 1371 fuerit
324 1337 412 1371 alter
439 1335 544 1371 frater
565 1345 648 1371 natu
669 1336 780 1384 major
800 1335 951 1383 ejusdem

188 1386 345 1421 nominis
360 1415 369 1429 ,
399 1386 489 1434 patri
507 1397 767 1434 praemortuus,
796 1385 844 1421 sat
861 1386 950 1426 fuit,

191 1447 231 1472 ut
267 1437 360 1472 idem
401 1438 533 1471 Carolus
562 1439 586 1472 I.
621 1438 853 1484 appellaretur
894 1440 951 1470 Se-

190 1489 329 1526 cundus,
358 1501 465 1534 quum
495 1487 670 1523 dominari
695 1487 830 1536 coepit.
859 1487 951 1523 Vide

190 1537 282 1574 infra
312 1540 508 1574 Nummum
540 1540 654 1575 XLII.

242 1589 531 1635 Quadragefimus
586 1589 717 1636 primus
771 1598 951 1638 argenteus

192 1641 335 1675 Scutum
365 1639 531 1685 praefert,
560 1638 597 1674 in
626 1653 695 1687 quo
725 1638 868 1688 insignia
893 1642 953 1675 Sa-

194 1689 385 1725 baudiensis
414 1690 584 1725 Familiae
602 1717 612 1732 ,
641 1690 679 1726 &
706 1688 856 1737 Cyprici
886 1693 953 1726 Re-

193 1740 254 1787 gni
298 1750 482 1787 apparent.
520 1742 617 1775 Haec
656 1740 708 1776 ibi
739 1741 950 1788 epigraphe:

189 1792 387 1826 KROLVS
430 1792 687 1826 SECVNDVS
732 1793 834 1826 DVX
877 1793 953 1826 SA·

193 1841 382 1876 BAVDIE
413 1845 456 1875 V.
487 1844 524 1875 In
555 1841 682 1886 postica
707 1841 840 1890 effigies
870 1844 953 1877 San-

193 1890 243 1925 &i
286 1889 454 1925 Mauricii
508 1903 585 1925 cum
634 1892 799 1927 lemmate
844 1893 953 1926 Domi-

196 1943 279 2026 Jltldus
317 1942 666 1977 ILLVMINACIO
706 1943 772 1978 ET
798 1943 954 1979 SALVS

244 2005 303 2026 ea.

247 2041 536 2091 Quadragefimus
573 2041 738 2077 secundus
775 2054 955 2091 argenteus

196 2093 351 2139 quinque
404 2093 539 2128 tesseras
589 2093 718 2136 offert,
762 2093 956 2128 indicantes

197 2143 460 2178 Sabaudiensem
492 2146 664 2179 Ducatum
684 2168 692 2182 ‚
731 2141 955 2179 Caballicum

198 2207 340 2241 agrum,
393 2195 583 2243 Augustam
640 2195 851 2230 praetoriam
870 2222 879 2237 ,
921 2196 955 2229 &

196 2244 440 2291 Primipatum
485 2245 565 2280 sacri
602 2245 751 2280 Romani
785 2245 955 2289 Imperii.

195 2293 408 2330 Circumstat
438 2295 621 2339 inscriptio
663 2298 857 2332 KROLVS
889 2298 953 2331 SE-

200 2346 335 2379 candus
357 2347 456 2380 DVX
482 2348 688 2382 §ABxVQ
712 2350 755 2382 V.
779 2347 839 2382 Uti
863 2361 958 2393 prae-

199 2392 290 2430 farus
333 2396 426 2434 sum,
471 2398 679 2433 Guichenon
699 2411 736 2433 us
777 2400 890 2432 Carolo
931 2400 957 2433 Ι.

200 2444 329 2481 trxbuit
359 2446 418 2480 hos
447 2461 585 2496 quoque
615 2451 810 2490 Nummos,
842 2449 877 2483 ea
905 2461 956 2483 ra-

199 2494 299 2531 tione
329 2508 531 2541 permofus.
573 2499 665 2546 quod
708 2500 765 2534 hic
797 2500 958 2547 Princeps

201 2544 340 2590 dicatur
374 2550 451 2584 Dux
486 2549 674 2596 Quindlus.
714 2550 779 2587 Sed
820 2550 959 2587 fieri-ne

1070 340 1156 375 quae
1184 327 1305 361 literae
1333 340 1400 361 non
1434 328 1565 360 Ducem
1599 320 1796 367 Quincstum
1814 346 1825 364 ,

1072 378 1124 413 sed
1154 378 1323 411 Vlcarium
1351 376 1478 421 Imperii
1514 373 1722 422 defignarint
1740 398 1748 405 .
1786 369 1828 405 In

1074 428 1198 475 postica
1236 425 1357 462 visitur
1396 430 1520 465 Crux,
1561 426 1594 460 ὅ(
1636 422 1672 457 in
1715 421 1828 456 limbo

1073 479 1202 526 legitur
1228 477 1311 513 haec
1339 477 1545 520 inscriptio:
1575 474 1735 509 KBLAS
1763 471 1830 505 ET

1073 532 1189 565 AVG.
1217 531 1249 563 S.
1279 529 1399 563 ROM.
1428 529 1527 562 IMP.
1557 527 1594 560 P.
1631 524 1714 560 idest
1755 523 1831 556 Do-

1074 582 1189 615 minus
1218 577 1425 614 Provinciae
1452 576 1630 619 Chablais,
1660 576 1691 609 ὃ(
1721 571 1830 608 Civi-

1073 629 1156 665 tatis
1192 629 1359 675 Augustae
1400 625 1619 670 Praetoriae,
1665 625 1699 660 &
1741 623 1831 658 Sacri

1073 680 1214 715 Romani
1240 679 1366 726 Imperii
1393 679 1565 724 Princeps.

1124 729 1433 778 Quadragefimum
1480 728 1623 764 tertium
1665 737 1830 769 aereum,

1072 782 1237 816 Mutinae
1278 781 1315 815 in
1344 778 1590 815 Bertacchinio
1623 777 1747 814 Museo
1777 776 1831 811 vi-

1073 831 1130 866 di.
1160 831 1214 866 lbi
1243 830 1391 879 Infignia
1420 829 1601 878 gentilicia
1623 827 1832 863 Sabaudicae

1074 881 1246 916 Familiae
1273 881 1340 916 sese
1367 880 1518 916 offerunt
1546 879 1582 914 in
1607 878 1721 913 scuto.
1751 877 1833 912 Cir-

1075 931 1243 966 cumstant
1263 932 1405 967 literae:
1436 931 1632 967 KROLVS
1656 928 1834 964 SECON-

1075 984 1192 1017 DVS.
1236 985 1274 1017 In
1316 981 1432 1017 aversa
1475 991 1570 1029 parte
1613 981 1726 1015 DVX.
1758 980 1834 1013 SA·

1074 1035 1283 1068 BAVDVS.
1314 1035 1355 1068 R.
1384 1035 1432 1068 Et
1458 1032 1496 1068 in
1524 1045 1600 1067 area
1629 1033 1670 1066 R.

1124 1084 1412 1132 Quadragessmus
1460 1092 1602 1130 quartus
1653 1088 1834 1129 argenteus

1073 1135 1113 1169 ad
1142 1135 1327 1181 Philippum
1369 1135 1558 1169 Sabaudiae
1596 1135 1728 1168 Ducem
1759 1143 1836 1178 per-

1073 1184 1192 1225 tinet,
1234 1184 1295 1231 qui
1337 1186 1447 1219 Anno
1475 1183 1606 1218 Christi
1639 1182 1837 1217 MCCCC-

1074 1236 1223 1270 XCVII.
1252 1233 1357 1270 finem
1389 1233 1534 1269 vivendi
1576 1232 1683 1268 fecit.
1725 1230 1835 1266 Anti-

1073 1298 1147 1320 cam
1177 1284 1303 1331 implet
1340 1284 1458 1331 imago
1499 1283 1601 1330 hujus
1633 1282 1834 1328 Principis,

1073 1348 1151 1369 curn
1173 1334 1359 1382 epigraphe
1383 1335 1610 1369 PHILIPVS
1632 1334 1734 1367 DVX
1759 1334 1836 1367 SA-

1073 1387 1261 1420 BAVDIE
1291 1386 1371 1420 VII.
1400 1385 1440 1420 In
1481 1383 1608 1432 postica
1644 1382 1744 1419 Crux
1777 1385 1836 1418 Sa-

1073 1435 1308 1471 baudienfium
1348 1435 1551 1483 Principum
1593 1433 1711 1469 tessera
1754 1446 1833 1469 cum

1073 1487 1245 1534 Laqueo,
1287 1485 1422 1521 scilicet
1459 1499 1535 1521 curn
1575 1484 1702 1532 insigni
1729 1484 1837 1519 Ordi-

1073 1536 1127 1572 nis
1157 1536 1323 1571 militaris
1350 1535 1388 1571 ὃς
1418 1535 1552 1570 Βὶνίίῐὲ
1580 1536 1730 1569 FERT.
1759 1534 1836 1569 Ad-

1073 1587 1168 1622 ditur
1189 1589 1338 1622 lemma:
1370 1588 1404 1621 A
1427 1587 1596 1622 DomiNO
1617 1586 1835 1621 FACTVM

1001 1639 1035 1672 D
1073 1639 1162 1673 EST
1192 1639 1364 1672 ISTVD.

1125 1686 1415 1735 Quadragefimus
1455 1686 1619 1734 quinaeSlus
1656 1685 1698 1721 ad
1738 1698 1836 1721 eum-

1076 1739 1153 1774 dem
1194 1737 1392 1785 Principem
1430 1737 1653 1780 referendus,
1700 1735 1837 1772 scutum

1079 1788 1224 1838 praefert
1253 1801 1330 1823 cum
1360 1787 1544 1836 gentilicia
1572 1787 1715 1830 Cruce,
1744 1787 1839 1835 adje-

1078 1839 1144 1875 &is
1172 1839 1303 1874 duobus
1340 1838 1516 1885 Laqueis,
1558 1836 1594 1873 &
1638 1837 1836 1881 circumpo-

1079 1890 1138 1925 sita
1199 1890 1262 1924 hac
1319 1888 1504 1936 epigraphe
1531 1901 1540 1923 ε
1610 1889 1838 1924 PHILIPVS

1080 1943 1183 1976 DVX
1212 1941 1481 1975 SABAVDIE.
1521 1939 1642 1973 Altera
1670 1936 1770 1973 Crux
1800 1939 1838 1974 in

1080 1991 1206 2039 postica
1236 1990 1416 2029 cernitur,
1444 1989 1614 2024 Ordinem
1644 1990 1838 2024 militarem

1081 2040 1197 2077 Sanffi
1227 2040 1394 2075 Mauricii
1432 2040 1614 2082 indicans,
1656 2052 1734 2074 cum
1763 2039 1839 2088 epi-

1007 2092 1051 2124 E*
1081 2092 1228 2139 graphe:
1262 2091 1496 2126 PRINCEPS
1522 2091 1763 2126 MARCHiO
1784 2091 1840 2126 IN

1083 2143 1240 2177 ITAlia.

1134 2192 1420 2240 Quadragesimus
1462 2192 1599 2236 sextus,
1636 2193 1839 2241 Quadrage-

1083 2243 1183 2279 fimus
1224 2242 1418 2291 septimus,
1470 2244 1506 2279 &
1549 2243 1838 2290 Quaeragesimus

1082 2294 1226 2330 ofilavus
1269 2289 1387 2341 parum
1430 2294 1633 2337 diffimiles,
1671 2294 1840 2328 exhibent

1082 2345 1233 2393 effigiem
1277 2345 1447 2380 Philiberti
1489 2348 1531 2381 ΙΙ.
1575 2344 1680 2380 Ducis
1713 2345 1840 2379 Sabau'-

1083 2398 1184 2439 diae,
1212 2394 1274 2442 qui
1303 2398 1409 2430 Anno
1437 2394 1569 2430 Christi
1600 2396 1742 2429 MDIV.
1771 2394 1840 2429 im-

1083 2456 1219 2483 maturo
1261 2445 1334 2481 fato
1376 2446 1526 2480 sublatus
1570 2445 1637 2480 fuir
1669 2459 1686 2480 e
1717 2445 1837 2482 vivis.

1083 2500 1178 2534 Haec
1206 2496 1303 2532 illus
1342 2496 1546 2531 inscriptio:
1590 2497 1840 2532 Pl-ilL'BER-

1083 2549 1177 2586 TVS
1210 2549 1317 2586 DVX
1366 2548 1614 2584 SABAVDIE
1658 2550 1757 2584 VIII.
1798 2543 1840 2583 In

1720 2611 1785 2647 9⁰-
