2206 3131
200 177 221 204 2
232 175 253 215 5
475 154 844 200 DISSERTATIO
882 154 1448 212 VAGESIMAQJINCTA:
1672 164 1726 201 26

140 218 403 268 significabant.
432 216 571 253 servius
599 215 640 251 ad
670 214 754 251 Lib.
776 216 803 250 1.
834 215 906 250 Ae-

138 271 232 307 neid.
260 268 344 304 vers.
372 279 457 314 701.
479 267 643 306 Aulaeis‚
671 266 752 300 velis
776 265 907 310 pillis.-

142 335 220 370 quae
247 320 314 354 ideo
340 318 452 353 aulaea
478 317 568 352 diffla
590 318 690 361 sunt,
731 317 815 364 qued
836 318 906 363 pri-

141 374 226 407 miim
254 370 287 404 in
313 370 391 404 aula
417 368 534 404 usuali
574 369 676 415 Regis
710 367 814 408 Asiae
855 367 907 401 in-

140 432 239 458 venta
269 420 364 464 sunt.
408 421 466 454 An
509 419 625 463 potius
667 417 761 465 quod
803 430 907 453 orna-

140 483 261 508 mento
293 471 464 505 Aularum
493 468 626 505 essent?
666 470 719 504 Ita
759 469 793 504 δε
833 468 907 504 Pli-

139 524 219 559 nius
249 522 330 558 Lib.
360 522 392 557 8.
423 522 510 566 Cap.
530 522 590 567 48.
619 520 741 554 Colores
767 519 908 564 diversos

139 575 283 621 pizsffurae
311 575 444 606 intexere
484 571 634 617 Babylon
671 570 804 606 maxime
830 571 906 605 cele-

140 624 273 662 bravii,
302 622 348 661 (ἓν
376 636 482 657 nomen
511 622 674 667 imposuit.
704 621 832 656 Eadem
854 635 905 656 ra-

143 676 243 710 tione
269 674 421 708 belluam>
436 675 557 719 tapetia
579 673 722 708 Plautus
743 671 780 707 in
805 671 907 708 Pseu—

141 725 226 760 dolo
253 723 476 762 nominavit,
517 723 610 769 quod
657 722 708 758 ibi
748 721 907 758 intextae

141 776 249 811 essent
286 774 479 809 belluarum
519 772 671 821 figurae,
710 772 751 807 de
779 774 907 819 quibus

143 827 250 861 etiarn
282 824 446 860 meminit
475 824 648 871 Apulejus
676 823 713 859 in
736 822 906 859 Milefiis.

146 877 384 921 Quamobrem
433 888 540 921 quum
584 875 691 910 toties
734 874 771 909 in
809 873 906 909 Vitis

144 930 384 962 Rornanorum
423 924 637 960 Pontificum
675 924 764 972 apud
808 927 908 960 Ana·

141 977 273 1013 stasium
305 974 504 1011 invenimus
526 976 601 1010 vela
625 975 738 1021 pitst'a.
766 984 825 1011 aut
849 989 906 1009 ve—

134 1028 198 1071 stes
223 1026 349 1070 pift‘as.
377 1039 539 1073 quaerere
567 1025 645 1073 quis
668 1024 792 1072 possit,
822 1038 905 1060 num

142 1077 194 1114 ibi
223 1076 454 1125 intelligenda
484 1075 524 1111 sit
553 1075 688 1124 pizstura
725 1077 815 1111 telae
852 1075 906 1111 su-

140 1127 368 1177 perindmsta,
411 1140 452 1162 an
497 1126 596 1162 fimul
626 1135 819 1170 contexta,
863 1139 906 1161 an

140 1193 204 1215 acu
234 1177 344 1227 pieta.
390 1179 429 1213 In
460 1178 644 1214 Hadriano
673 1178 699 1212 1.
733 1177 809 1221 secie
849 1191 906 1211 ve-

134 1230 213 1273 stem
239 1231 277 1264 de
304 1229 513 1275 chrysoclabo,
543 1229 706 1263 habentem
735 1227 907 1269 Historiam

140 1281 343 1315 Nativ'tatis
371 1279 437 1313 ἔνι.
462 1278 554 1314 [nfra
578 1279 654 1323 fecit
678 1278 792 1320 veliem
818 1279 906 1321 chry-

131 1331 315 1376 soclabam,
342 1329 482 1375 pretiosis
506 1330 638 1375 gemmis
659 1339 822 1366 ornatam,
850 1330 908 1362 ha-

141 1383 262 1416 bentem
307 1380 451 1421 historias
493 1389 558 1413 tam
609 1379 790 1413 salvatoris
836 1377 908 1416 «syc.

143 1433 239 1469 Num
280 1431 316 1465 in
362 1429 463 1464 Italia
502 1439 585 1463 tunc
627 1438 764 1464 tanturn
807 1428 908 1463 Artis

143 1481 212 1517 fuit
230 1505 239 1520 ‚
267 1490 305 1515 ut
334 1479 493 1514 historias
521 1479 628 1513 etiam
659 1478 695 1513 in
725 1480 794 1514 tela
824 1492 907 1513 con-

142 1529 330 1568 texerent?
361 1529 536 1577 Equidem
565 1542 667 1568 reor,
696 1541 764 1563 non
795 1528 907 1575 ρὶἃο-

143 1583 190 1619 ris
229 1594 357 1620 manu,
405 1579 457 1615 sed
499 1593 564 1624 ope
606 1579 806 1621 textrinae,
849 1590 908 1615 aut

145 1631 293 1669 fortaffis
330 1631 438 1667 etiam
479 1629 633 1678 Phrygio
670 1643 795 1677 opere,
840 1631 907 1665 Hi—

145 1684 264 1720 storias
291 1681 461 1730 ejusmodi
491 1680 587 1716 fuisse
618 1681 698 1716 telis
726 1694 764 1716 ac
787 1681 909 1728 pannis

147 1743 330 1771 contextas
379 1732 447 1767 sive
492 1732 665 1767 intextas.
704 1731 776 1767 Diu
814 1732 907 1766 enim

147 1783 382 1834 perseveravit
410 1781 558 1817 Pi‘iurae
585 1795 713 1817 nornen
751 1782 791 1817 ad
826 1782 909 1817 defi-

147 1836 318 1886 gnandam
363 1832 578 1882 ingeniosam
627 1832 816 1880 figurarum
858 1842 909 1868 te—

147 1897 308 1924 xturam.
346 1887 386 1920 In
428 1883 512 1919 Vita
556 1883 710 1919 Honorii
750 1885 813 1918 Ill.
846 1885 910 1918 Pa-

145 1952 229 1987 pae,
266 1935 327 1983 qui
375 1938 482 1970 Anno
529 1935 738 1971 MCCXVI.
774 1932 907 1969 Cathe-

146 1991 241 2024 dram
273 1985 369 2022 Petri
398 1984 624 2025 conscendit,
661 1998 680 2020 a
721 1983 908 2020 Cardinali

144 2037 328 2086 Aragonio
357 2035 552 2083 conscripta
580 2037 699 2070 Tomo
738 2037 802 2069 111.
833 2037 911 2071 Rer.

149 2090 301 2124 Italicar.
343 2099 418 2134 pag.
462 2088 545 2131 576.
601 2085 684 2120 haec
730 2085 906 2132 legimus:

141 2139 282 2177 Aureis,
310 2137 522 2181 argenteisque
547 2136 656 2181 platea
679 2135 909 2182 distinguitur,

142 2191 259 2237 tapetis
285 2188 380 2234 piffis
408 2187 441 2220 in
470 2189 602 2230 Εξγρεο
632 2186 784 2231 prostrata
812 2185 910 2232 (five

144 2242 243 2277 strata
265 2241 308 2287 )‚·
344 2239 387 2272 (9¹
413 2238 460 2270 tin
473 2238 524 2271 si'is
553 2237 684 2276 Indiae,
723 2237 910 2284 Galliaeque

144 2291 290 2327 coloribus
317 2289 459 2324 ordinate
487 2287 671 2333 composita.
715 2288 837 2334 Itaque
874 2302 909 2323 e-

144 2352 223 2378 rant
251 2341 392 2379 aulaea,
423 2338 683 2385 peristromata,
711 2351 750 2374 ac
776 2339 908 2373 tapetia

146 2393 266 2430 lanea,
305 2390 431 2438 quibus
467 2403 510 2424 eo
538 2399 696 2434 ternpore
733 2388 908 2425 Historiae

144 2443 177 2478 8<
205 2443 334 2489 figurae
355 2440 624 2478 intuebantur,
653 2452 694 2475 ex
722 2442 908 2484 Aegy-oro,

146 2503 251 2541 atque
278 2506 297 2528 e
325 2491 445 2537 Syria,
481 2491 516 2526 84
553 2489 672 2527 Gallia
701 2489 738 2526 in
767 2490 909 2526 Italiam
935 2523 938 2528 .

931 218 975 268 *A
1014 213 1182 250 advez‘sta.
1225 216 1335 249 Erant
1369 215 1403 249 δε
1433 215 1511 250 vela
1548 215 1677 261 serica,
1713 215 1784 252 five

1014 267 1131 308 telae,
1170 264 1343 300 Historias
1385 263 1493 300 sacras
1531 267 1660 313 pariter
1696 279 1782 303 con-

1015 325 1129 352 textas
1159 315 1411 364 praeferentes,
1458 327 1542 363 quas
1578 318 1781 365 excogitare

1014 379 1150 414 nequeo
1189 366 1388 402 efformatas
1417 380 1435 401 a
1478 366 1623 415 Populis
1651 368 1782 404 Arabi-

1015 418 1087 461 cis,
1116 426 1191 452 tum
1220 418 1265 452 ob
1296 417 1518 465 Religionem
1554 417 1725 457 nostram,
1760 431 1780 453 a

1014 481 1083 516 qua
1132 467 1160 504 ii
1206 467 1359 503 nimium
1408 468 1661 512 abhorrebant,
1704 478 1781 504 tum

1015 519 1123 555 etiam
1161 518 1255 567 quod
1299 517 1472 567 Imagines
1514 517 1626 554 sacras
1651 519 1687 555 id
1716 519 1781 554 ho·

1014 569 1151 605 minum
1179 582 1287 619 genus
1316 568 1499 606 detestatur
1518 596 1527 606 .
1569 569 1783 606 Ammianus

1014 621 1096 657 Lib.
1118 632 1174 666 24.
1198 621 1344 656 innuere
1364 633 1503 668 quoque
1527 620 1686 664 videtur,
1714 621 1780 665 Sy-

943 672 971 706 B
1014 685 1070 707 ros
1098 671 1135 707 in
1166 671 1312 706 Aulaeis
1343 671 1434 706 bella
1461 671 1569 707 ferme
1597 684 1691 711 una,
1719 680 1781 708 aut

1013 721 1219 758 venationes
1276 721 1472 769 exprimere
1530 721 1744 758 consueviffe
1768 746 1781 757 .

1016 772 1166 809 Proinde
1195 772 1371 820 reliquum
1399 772 1464 812 est,
1492 781 1532 809 ut
1559 783 1618 808 aut
1647 772 1683 807 in
1710 774 1782 807 Ita-

1016 823 1090 863 lia,
1130 832 1190 859 aut
1230 823 1267 858 in
1306 824 1476 867 Graecia,
1518 822 1642 859 aliisve
1669 821 1781 859 Chri-

1014 873 1200 910 stianorum
1232 874 1361 923 Regnis
1388 873 1559 923 ejusmodi
1598 875 1689 909 telae
1725 873 1781 922 pi-

1014 925 1089 961 &ae
1118 925 1157 960 ad
1187 924 1298 960 sacros
1325 924 1403 961 usus
1431 924 1709 961 conficerentur.
1738 925 1780 958 In

1014 974 1142 1010 Gloffis
1171 975 1327 1022 antiquis
1356 976 1396 1010 ad
1425 976 1550 1011 Vitam
1588 974 1627 1009 &
1655 973 1780 1009 Canon

1014 1025 1230 1061 nizarionem
1278 1024 1396 1060 Sanffl
1445 1025 1540 1061 Petri
1587 1023 1782 1060 Caelestini

1016 1078 1148 1124 Papae,
1177 1089 1195 1111 a
1222 1076 1352 1120 Jacobo
1380 1075 1567 1112 Cardinali
1589 1074 1781 1123 scriptam,

942 1130 974 1165 C
1012 1127 1213 1174 editamque
1252 1128 1371 1162 Tomo
1414 1128 1478 1163 111.
1512 1128 1591 1163 Rer.
1626 1125 1783 1162 Italicar-

1011 1178 1093 1214 Lib.
1117 1190 1149 1213 2.
1172 1179 1259 1223 Cap.
1283 1190 1315 1222 5.
1337 1178 1420 1213 haec
1449 1176 1646 1213 adnotanda
1674 1175 1777 1212 sunt:

1013 1231 1049 1263 In
1079 1229 1228 1262 Pluviali
1254 1231 1361 1274 Papae
1388 1239 1478 1263 erant
1505 1227 1660 1275 imagines
1693 1230 1781 1261 San—

1012 1278 1129 1312 Horum
1158 1282 1290 1313 Parrum
1316 1280 1356 1312 de
1386 1280 1483 1323 serico
1523 1279 1565 1313 (9⁶
1591 1289 1667 1311 auro
1692 1277 1782 1311 labo-

1015 1339 1102 1363 ratae
1123 1330 1165 1362 (9¹
1184 1342 1261 1370 acu,
1291 1328 1389 1374 operis
1411 1328 1581 1375 Cyprenlt's
1594 1352 1604 1367 ,
1627 1327 1682 1371 seu
1702 1331 1783 1362 An-

1007 1379 1150 1425 glicam'.
1179 1381 1271 1413 Otto
1298 1389 1414 1414 autem
1445 1377 1667 1427 Frifingenfis
1695 1377 1780 1414 Lib.

1014 1429 1114 1475 prim.
1144 1428 1233 1476 Cap.
1261 1441 1317 1475 33.
1340 1429 1382 1464 de
1409 1429 1500 1464 Gest.
1524 1429 1691 1464 Frideric.
1717 1441 1780 1464 au—

1013 1480 1089 1515 ξὶοι·
1125 1479 1191 1521 est,
1235 1481 1426 1527 Rogerium
1466 1478 1608 1514 Siciliae
1647 1480 1780 1526 Regem

1014 1528 1242 1577 expeditione
1280 1529 1377 1565 felici
1424 1530 1586 1565 adversus
1628 1530 1781 1564 Graecos

933 1583 980 1623 {D
1015 1580 1027 1626 (
1063 1580 1096 1615 id
1146 1579 1302 1628 contigit
1350 1582 1460 1616 Anno
1505 1579 1638 1616 Christi
1687 1581 1783 1615 MC-

1017 1631 1221 1677 XLVIII.)
1271 1644 1329 1677 per
1374 1630 1452 1666 suos
1494 1633 1607 1666 Duces
1650 1630 1783 1665 Corin-

1016 1682 1139 1722 thum,
1179 1681 1341 1720 Thebas,
1387 1695 1426 1717 ac
1472 1681 1632 1717 Athenas
1675 1693 1785 1724 expu-

1016 1732 1153 1781 gnaffe:
1196 1732 1346 1766 Maxima
1374 1733 1512 1772 ibidem,
1553 1730 1668 1768 subdit
1698 1732 1783 1777 ille,

1013 1784 1114 1827 preda
1140 1782 1286 1826 direpta,
1314 1781 1436 1829 opifices
1463 1784 1584 1823 etiam,
1612 1781 1667 1830 qui
1692 1782 1783 1817 Seri-

1016 1847 1061 1868 cos
1086 1845 1207 1879 pannos
1234 1844 1333 1867 texere
1352 1833 1476 1877 solent,
1517 1835 1553 1868 ob
1580 1833 1786 1880 ignominiam

1018 1883 1217 1930 Imperatoris
1245 1885 1356 1923 illius,
1390 1884 1500 1930 suique
1527 1883 1686 1927 Principis
1710 1888 1784 1929 glo-

1017 1936 1125 1973 riam,
1151 1937 1294 1978 captivos
1330 1936 1508 1970 deducunt.
1550 1937 1637 1981 Quos
1678 1937 1787 1979 Roge—

1019 1985 1083 2019 rius
1112 1985 1145 2018 in
1173 1986 1325 2019 Palermo
1343 1985 1475 2021 Siciliae
1501 1984 1662 2030 metropoli
1691 1984 1786 2018 collo-

1019 2049 1113 2077 cans,
1140 2039 1257 2070 Artem
1286 2037 1376 2070 illam
1404 2036 1530 2070 texendi
1572 2036 1639 2074 suos
1667 2038 1787 2070 edocere

1016 2086 1172 2132 praecepit
1189 2113 1198 2121 .
1227 2089 1274 2121 Et
1301 2087 1410 2122 exhinc
1435 2086 1602 2130 praediffla
1628 2089 1698 2121 Ars
1726 2085 1786 2120 illa

1017 2137 1105 2182 prius
1132 2151 1152 2171 a
1178 2138 1306 2172 Graecis
1333 2138 1459 2172 tantiam
1488 2138 1570 2171 inter
1589 2136 1785 2178 Christianos

1019 2188 1153 2229 habita,
1192 2187 1344 2223 Romanis
1370 2198 1479 2231 patere
1503 2187 1599 2226 coepit
1630 2187 1787 2232 ingeniis.

1019 2239 1120 2283 Quae
1149 2248 1263 2273 tamen
1294 2237 1370 2273 heic
1397 2237 1503 2274 habet
1533 2236 1754 2286 Frifingenfis
1773 2264 1784 2281 ,

1018 2289 1129 2336 rigide
1167 2287 1372 2335 excipienda
1427 2301 1496 2323 non
1539 2287 1638 2332 sunt,
1692 2287 1785 2335 quasi

1018 2341 1112 2374 nulla
1143 2339 1332 2385 Europaeis
1362 2339 1507 2384 Populis
1535 2349 1637 2374 antea
1675 2338 1781 2374 fuerit

1021 2392 1087 2424 Ars
1116 2389 1222 2424 serici
1253 2389 1425 2434 texendi;
1458 2388 1512 2424 sed
1542 2389 1750 2424 credendum
1769 2413 1780 2429 ,

1017 2440 1057 2474 ad
1097 2453 1158 2474 nos
1197 2439 1325 2476 veniffe
1366 2437 1571 2486 singularem
1624 2438 1782 2486 aliquam

1015 2489 1187 2535 ejusmodi
1223 2500 1384 2527 texturae
1433 2488 1668 2531 methodum,
1711 2502 1780 2537 qua

1642 2552 1728 2590 pan-
