2206 3131
405 191 456 229 19
667 174 1111 234 ANTIQUIT.
1160 173 1659 218 MEDIIAEVI
1866 194 1922 223 κο

340 233 382 271 de
435 248 521 282 quae
562 233 731 284 congessit
781 236 1015 284 Du—Cangius
1064 234 1103 271 in

340 286 516 321 Gloffario
560 287 716 326 Latmo,
766 300 875 335 quum
919 296 1037 322 tamen
1064 286 1103 321 in

340 338 476 372 Graeco
503 335 597 372 secus
625 336 753 373 sentire
792 338 970 373 videatur.
1010 338 1104 373 Tur-

339 387 448 423 nebus
476 397 598 423 contra
625 387 810 424 Adversar.
838 389 921 425 Lib.
944 389 1005 423 XI.
1029 400 1103 436 cap.

341 448 402 484 25.
450 438 643 486 Vopiscum
684 438 886 487 explicans,
936 439 1020 474 haec
1061 438 1103 473 ad

338 488 492 525 nostrum
539 490 671 524 Ricamo
715 488 820 525 refert
844 516 854 526 .
903 490 1101 532 Plumandi‚

341 539 415 584 ait,
442 540 569 574 texendi
594 555 614 575 a
640 539 850 587 quibusdam,
878 542 919 575 ab
944 540 1023 574 aliis
1047 552 1103 574 acu

337 591 496 638 pingendi
522 591 704 638 exponitur.
740 594 788 627 Et
810 592 888 636 sane
914 590 1022 625 videri
1047 601 1103 636 po-

342 641 398 684 test
423 652 478 687 pro
504 655 559 676 acu
584 646 713 689 pingere
739 642 897 676 interdum
922 640 1042 685 accipi,
1071 651 1107 674 ut

343 693 384 727 ab
412 693 622 738 Hieronymo.
662 693 786 737 Species
820 703 926 728 tamen
952 694 1107 738 quaedam

339 743 464 790 proprie
503 743 545 785 est
587 756 645 778 acu
683 744 864 790 pingendi,
904 756 971 777 cum
998 742 1107 785 clavi,

344 805 399 829 aut
425 795 586 840 patagia,
623 804 679 829 aut
709 794 896 841 segmenta,
937 803 994 829 aut
1035 793 1106 837 scu-

344 846 450 884 tulae,
479 855 535 879 aut
561 843 715 891 teffellae,
750 845 796 886 fic
835 845 919 880 aliae
954 843 1031 878 aliis
1055 843 1108 888 as-

339 896 498 940 suuntur,
541 905 576 929 ut
608 896 750 942 plumam
785 897 897 930 avium
942 893 1077 937 reserant
1098 920 1105 928 .

347 945 527 981 Salmafius
556 945 592 981 in
623 945 731 982 Notis
753 946 791 981 ad
816 944 1007 992 Vopiscum
1030 945 1106 992 plu-

344 997 439 1032 ribus
469 997 532 1032 hac
561 998 601 1032 de
622 1010 657 1032 re
677 997 772 1045 agit,
800 995 839 1031 δ(
860 994 973 1030 censet
1002 1011 1108 1036 nauum

347 1045 401 1093 effe
427 1060 514 1081 omne
541 1047 595 1086 id,
623 1051 704 1093 quod
741 1047 774 1080 in
801 1045 940 1087 vestibus
976 1044 1108 1079 Pluma-

347 1099 397 1131 ria
423 1108 491 1132 arte
518 1098 669 1131 intextum
697 1108 784 1140 erat,
809 1097 878 1138 sive
897 1095 989 1142 effent
1016 1096 1108 1128 tabu-

348 1149 419 1192 lae,
440 1147 512 1190 sive
539 1146 630 1193 effent
657 1147 810 1189 orbiculi,
837 1150 891 1181 vel
919 1157 1021 1181 rotae.
1063 1146 1111 1179 Et

350 1208 443 1234 certe
470 1200 654 1233 lenatum
694 1199 921 1241 Babylonicum
957 1195 1111 1232 occurrit

352 1249 442 1296 apud
489 1249 716 1284 Petronium.
757 1248 954 1289 Babylonica
995 1256 1109 1281 autem

351 1310 437 1333 texta
465 1312 526 1334 acu
570 1299 703 1333 variata
740 1299 837 1334 fuisse
875 1311 982 1345 nuper
1020 1295 1112 1330 vidi-

351 1363 452 1386 mus.
492 1351 600 1384 Probe
639 1349 757 1384 cadere
789 1349 926 1383 videtur
959 1348 995 1382 in
1024 1346 1112 1379 hanc

351 1413 422 1437 rem
453 1401 549 1435 locus
580 1399 744 1447 Procopii
783 1399 864 1434 Lib.
893 1398 934 1433 de
964 1394 1112 1432 Aedific.

351 1451 500 1490 Tunica,
532 1451 580 1485 ita
609 1450 672 1485 ille
701 1449 847 1488 scribit,
884 1450 984 1494 Jeri,-a
1011 1449 1114 1481 aureis

352 1502 541 1536 ornamentis
563 1501 699 1546 undique
717 1498 890 1540 distinc‘la,
915 1513 993 1546 quae
1015 1501 1116 1537 masam

352 1552 452 1587 dicere
475 1551 594 1595 solent.
635 1551 774 1585 Altaria
812 1551 897 1584 linea
924 1563 1009 1596 opere
1036 1552 1115 1584 Plu-

355 1602 453 1637 mario
480 1601 543 1635 tria
571 1602 734 1649 leguntur
770 1600 806 1635 in
845 1599 979 1636 Charta
1018 1600 1115 1635 Anni

353 1654 495 1689 MXIX.
524 1651 614 1686 infra
645 1651 732 1686 mihi
761 1651 890 1686 edenda
918 1651 955 1685 in
986 1651 1115 1686 Differ-

354 1704 491 1739 tatione
520 1704 617 1738 LVI.
647 1704 685 1736 de
712 1702 880 1747 Religione
915 1702 1117 1742 Christiana.

355 1754 454 1790 Mihi
501 1766 606 1788 unum
645 1752 892 1787 tantummodo
934 1751 1116 1794 statuitur,

356 1804 526 1840 nimirum
557 1803 668 1839 videri
691 1801 910 1838 interceffiffe
930 1802 1115 1837 discrimen

356 1855 450 1892 inter
490 1868 576 1896 opus
618 1854 791 1900 Phrygium
828 1866 866 1888 ac
893 1853 1117 1896 Flaminium,

356 1919 464 1953 quum
494 1904 529 1939 in
561 1906 693 1953 Regula
731 1903 848 1939 Santsti
885 1901 1048 1938 Caesarei
1076 1903 1117 1937 ad

358 1955 555 1992 Monachos
583 1957 670 2002 Cap.
700 1967 758 2001 24.
786 1955 942 2001 legatur:
986 1954 1119 1988 Pluma-

357 2008 429 2044 ria,
457 2006 503 2044 (θ’
529 2005 748 2052 Λσηρίἕῗιινα,
791 2006 834 2038 &¹
873 2017 959 2038 omne
984 2005 1118 2050 polymi-

359 2068 425 2091 tum
453 2056 524 2094 effe.
553 2070 718 2102 numquam
745 2056 777 2089 in
800 2055 991 2096 Monasierio
1010 2054 1119 2099 fiant.

410 2109 575 2142 Ceterum
606 2120 666 2154 pro
696 2105 849 2154 Phrygio
880 2119 982 2153 opere
1024 2118 1120 2152 egre—

360 2158 437 2207 gius
466 2158 509 2193 est
536 2158 573 2192 in
600 2156 688 2191 hanc
716 2170 786 2191 rem
808 2157 906 2191 locus
930 2155 1020 2191 Petri
1044 2155 1121 2191 Co-

361 2209 540 2251 mestoris,
566 2207 627 2256 qui
650 2209 755 2241 Anno
776 2206 903 2243 Christi
927 2208 1119 2242 MCLXX.

362 2259 504 2299 floruit,
531 2259 568 2294 in
596 2259 713 2305 Caput
742 2258 799 2293 26.
827 2257 965 2296 Exodi,
992 2256 1052 2292 ubi
1080 2257 1121 2291 de

360 2315 457 2354 Opere
488 2311 647 2344 Plumario
687 2309 737 2343 ita
779 2308 962 2355 loquitur:
1005 2308 1123 2342 Pluma

362 2363 495 2407 Lingua
534 2364 670 2407 quadarn
705 2361 795 2394 Acus
830 2360 970 2398 dicitur,
1006 2358 1123 2402 scilicet

363 2412 618 2459 Aegyptiorum,
644 2423 770 2457 quorum
785 2409 861 2453 sunt
880 2407 1022 2455 diversae
1042 2409 1122 2442 Lin-
1150 2397 1154 2449 i

360 2478 464 2511 guae,
488 2461 566 2503 ficut
594 2465 776 2496 Graecorum
794 2487 801 2495 .
846 2463 910 2493 Hos
933 2472 1031 2502 genus
1058 2458 1124 2492 veli

365 2515 463 2563 vulgo
492 2513 668 2556 Distratum
695 2512 830 2550 dicitur,
858 2510 945 2557 quasi
971 2511 1020 2545 bis
1038 2509 1124 2553 stra·

1145 236 1180 272 A
1216 245 1304 269 tum.
1332 234 1444 269 Prima
1469 234 1553 269 enim
1572 233 1618 279 fit
1645 234 1730 274 tela,
1757 234 1808 269 eui
1833 249 1900 271 cum
1925 250 1982 272 acu

1217 295 1304 329 opere
1344 285 1489 320 manuali
1520 286 1766 333 substernuntur
1789 285 1983 332 pift'uratio-

1219 349 1291 370 nes.
1327 339 1412 370 Sunt
1436 337 1492 384 qui
1527 337 1637 372 dicunt
1662 341 1748 384 Opus
1783 337 1984 372 Plumarium

1217 401 1238 422 a
1257 386 1471 428 similitudine
1494 388 1627 428 avium,
1654 388 1768 435 quibus
1789 388 1984 433 superaddi—

1217 447 1252 471 ta
1276 438 1455 485 plumarum
1481 440 1644 474 varietas.
1688 440 1772 474 Idem
1799 451 1874 483 opus
1901 439 1984 474 dici-

1219 497 1270 521 tur
1296 499 1392 524 ettam
1415 489 1602 537 polymitum
1618 516 1626 525 .
1655 491 1807 525 Fallitur
1835 499 1952 525 tamen
1972 515 1984 526 .

1220 539 1381 584 Polymita
1403 539 1500 574 enim
1532 539 1670 588 proprie
1691 542 1898 575 varietatem
1921 553 1982 576 co-

1219 589 1332 623 lorum
1361 602 1380 624 a
1407 597 1568 625 texturae
1594 589 1749 626 artificio
1774 591 1982 637 capiebant.

1218 639 1419 673 Plumarium
1447 643 1530 676 verb
1550 653 1636 689 opus
1657 644 1699 676 ab
1720 655 1781 676 acu
1795 667 1803 675 .
1831 642 1876 675 Et
1901 643 1985 676 Plu-

1220 689 1323 725 marii
1367 689 1510 737 quidem
1550 692 1665 739 operis
1708 704 1777 725 non
1807 690 1910 726 semel
1939 691 1985 726 est

1220 740 1354 776 mentio
1382 740 1419 776 in
1450 740 1593 776 Exodo.
1635 741 1772 777 Drufius
1803 742 1982 777 Rabbinos

1220 800 1415 834 memorat,
1443 791 1502 839 qui
1531 805 1607 826 eam
1639 805 1761 827 vocem
1790 792 1985 838 Phrygioni-

1218 855 1285 875 cum
1320 853 1414 888 opus,
1453 841 1535 877 idest
1575 843 1599 876 il
1626 845 1782 882 Ricamo,
1811 843 1984 890 interpre-

1220 901 1359 927 tantur.
1388 894 1475 927 Sunt
1502 902 1641 930 autem,
1692 893 1751 940 qui
1783 892 1890 940 ipsam
1920 906 1985 927 vo-

1221 955 1295 977 cem
1327 943 1459 977 Ricamo
1496 946 1537 977 ad
1577 956 1637 977 nos
1680 943 1809 978 veniss‘e
1836 956 1878 978 ex
1912 944 1987 978 He-

1223 994 1325 1028 braeo
1353 997 1475 1028 Racam
1503 993 1739 1028 arbitrantur:
1777 1006 1887 1041 neque
1919 992 1986 1027 im-

1223 1044 1374 1078 merito.
1404 1043 1466 1078 Sed
1496 1043 1565 1090 post
1595 1053 1652 1078 tot
1678 1043 1828 1078 diversas
1858 1043 1986 1078 Erudi-

1223 1103 1339 1128 torum
1383 1092 1570 1129 sententias
1611 1094 1834 1141 expendenda
1883 1092 1986 1129 exhi-

1224 1145 1288 1179 beo
1326 1144 1430 1179 verba
1468 1145 1651 1179 Aldhelmi
1694 1144 1984 1178 Occidentalium

1224 1197 1399 1230 Saxonum
1442 1194 1479 1229 in
1530 1194 1712 1230 Britannia
1756 1193 1920 1241 Episcopi
1949 1193 1988 1229 in

1224 1246 1307 1281 Lib.
1339 1245 1379 1280 de
1409 1245 1556 1281 Laudzb.
1589 1246 1799 1293 Virginitat.
1839 1243 1929 1291 Cap.
1955 1244 1989 1281 6.

1226 1296 1389 1330 Florebat
1406 1295 1543 1330 Auc‘ior
1560 1296 1701 1330 circiter
1722 1297 1862 1330 Annum
1881 1294 1990 1331 Chri-

1226 1345 1263 1380 sti
1295 1347 1509 1380 DCLxxx.
1538 1355 1642 1392 atque
1669 1345 1768 1381 illius
1796 1348 1892 1392 Opus
1915 1344 1991 1380 edi-

1226 1405 1301 1430 tum
1331 1395 1375 1429 est
1404 1396 1439 1429 in
1469 1397 1589 1430 Tomo
1620 1397 1716 1430 XIII.
1745 1395 1992 1431 B.bl20:.hecae

1229 1447 1369 1480 Parrum
1392 1445 1539 1480 edition.
1565 1445 1783 1492 Lugdunens.
1809 1445 1994 1491 Siquidem,

1227 1495 1345 1542 inquit
1372 1497 1559 1530 cortinarum
1578 1520 1587 1534 ,
1611 1495 1680 1536 five
1699 1496 1916 1542 stragularum
1944 1506 1991 1529 te-

1227 1557 1342 1585 xtura,
1371 1545 1432 1586 nili
1456 1547 1645 1592 panniculae
1670 1546 1858 1592 purpureis,
1900 1546 1992 1581 immo

1227 1596 1361 1637 diversis
1405 1597 1535 1630 colorum
1584 1597 1796 1631 varietatibus
1841 1596 1993 1639 fucatae,

1229 1648 1310 1681 inter
1336 1647 1431 1691 densa
1452 1646 1581 1690 filorum
1611 1647 1751 1688 stamina
1791 1648 1874 1681 ultre
1901 1647 1994 1680 citro-

1229 1711 1286 1744 que
1312 1699 1502 1737 decurrant,
1531 1699 1573 1731 (9¹
1599 1701 1685 1732 Arte
1712 1697 1880 1733 Plumarid
1906 1710 1993 1732 omne

1231 1749 1400 1782 textrinum
1428 1753 1511 1794 Opus
1538 1748 1671 1789 diversis
1708 1749 1883 1792 imaginum
1924 1749 1994 1782 tho-

1232 1799 1352 1833 racibus
1390 1810 1574 1844 perornent,
1610 1800 1667 1842 sed
1704 1800 1853 1843 uniformi
1888 1798 1997 1832 coloris

1228 1850 1297 1893 fuco
1332 1848 1505 1895 sigillatim
1545 1848 1681 1892 consec‘i'a
1721 1850 1853 1892 fuerit:
1895 1849 1996 1895 liquet

1230 1899 1384 1944 proseflb‚
1411 1909 1558 1946 quomodo
1585 1913 1637 1934 nec
1663 1901 1815 1934 oculorum
1836 1899 1997 1935 obtutibus

1229 1949 1371 1996 jucunda
1396 1974 1406 1989 ‚
1458 1964 1509 1983 nec
1556 1951 1781 1996 pulcherrimae
1832 1948 1995 1991 venustati

1220 2001 1361 2046 'formosa
1387 2001 1569 2035 videbitur.
1612 2003 1692 2036 Non
1721 2000 1766 2035 est
1793 2001 1870 2036 heic
1900 2012 1997 2047 prae-

1145 2050 1206 2084 <Es
1235 2050 1438 2086 tereundum
1457 2079 1464 2087 ,
1506 2050 1639 2085 laudari
1680 2051 1797 2087 locum
1826 2051 1925 2086 istum
1955 2049 1998 2084 ab

1237 2100 1407 2136 Illustriss.
1453 2101 1669 2136 Fontaninio
1720 2100 1999 2146 Archiepiscopo

1236 2154 1427 2196 Ancyrano
1465 2151 1500 2184 in
1539 2153 1743 2186 Comment.
1776 2152 1817 2186 ad
1852 2150 1997 2185 Discum

1237 2200 1473 2238 Christianum
1512 2202 1597 2246 Cap.
1638 2211 1692 2246 17.
1732 2200 1791 2236 ubi
1832 2200 1999 2243 sancus,

1238 2253 1314 2290 ait,
1351 2251 1545 2285 Aldbelmus
1573 2264 1682 2283 morem
1719 2251 1795 2293 suae
1820 2250 1936 2286 aetatis
1963 2249 2000 2283 in

1238 2302 1417 2345 huiusmodi
1443 2301 1622 2334 orbiculatis
1659 2301 1797 2341 vestibus
1838 2313 2001 2335 contexen-

1238 2354 1289 2388 dis
1312 2352 1470 2399 sugillat‚
1499 2365 1594 2395 neque
1620 2351 1686 2384 ullo
1710 2351 1804 2396 paflo
1832 2353 1864 2384 in
1891 2349 2003 2393 Virgi-

1239 2402 1332 2438 nibus
1358 2405 1486 2447 probat.
1515 2403 1609 2437 Tum
1640 2401 1750 2437 adfert
1787 2400 1888 2448 ipsius
1931 2400 2000 2436 Al-

1240 2453 1372 2489 dhelmi
1410 2452 1513 2487 verba
1551 2451 1734 2488 secundum
1768 2465 1896 2487 novam
1925 2449 1999 2486 edi·

1241 2505 1399 2550 tionem,
1425 2504 1492 2540 hoc
1514 2503 1582 2548 est,
1603 2502 1854 2552 castigatiorem
1871 2531 1880 2547 ‚
1904 2503 2003 2559 Hen-

1888 2564 1955 2588 nc!
