2206 3131
218 237 300 276 209
529 219 898 264 DISSERTATIO
943 218 1401 262 VlGESJMASffiXTA
1416 253 1433 267 ,
1653 240 1738 267 210

260 354 383 390 VRBS
412 354 569 389 DECVS
596 354 736 389 ORBIS
765 354 867 388 AVE
886 380 894 389 .
923 352 1106 387 VICTVS
1133 352 1238 386 TIBI
1266 351 1541 397 DEST1NOR‚
1569 355 1697 400 AVE,

258 431 457 466 CVRRVS
485 431 550 465 AB
581 431 816 465 AVGVSTO
846 428 1115 464 FRIDERICO
1142 428 1346 462 CAESARE
1374 429 1548 471 JVSTO.

264 507 358 543 FLE
386 507 766 545 MEDIOLANVM,
794 507 895 550 JAM
924 505 1094 541 SENTIS
1122 504 1376 538 SPERNERE
1405 506 1627 551 VANVM,

262 583 458 618 IMPERII
487 584 628 618 VIRES
658 584 897 618 PROPRIAS
924 581 1028 617 TlssI
1056 581 1292 616 TOLLERE
1322 581 1487 618 VIRES.

261 659 397 695 ERGO
424 660 813 694 TRIVMPHORVM
843 659 995 694 POTES
1024 657 1146 691 VRBS
1174 657 1363 692 MEMOR
1392 657 1498 692 ESSE
1528 658 1779 699 PRIORVM,

264 736 395 781 QVOS
423 736 526 770 TIBI
554 736 866 771 MITTEBANT
896 735 1069 777 REGES,
1097 732 1189 778 QVI
1218 733 1386 769 BELLA
1414 734 1713 771 GEREBANT.

164 841 295 880 corius
338 858 408 880 non
450 844 679 887 carrocium,
730 843 784 879 sed
834 852 926 880 rotas
968 846 999 880 A
1043 840 1271 892 Capponius,
1311 842 1484 880 Patricius
1526 845 1732 884 Romanus,
1768 841 1808 880 &

164 896 303 930 tantum
326 893 491 932 Carrocii
512 895 782 931 Mediolanenfis
808 908 826 930 a
850 896 924 930 Fri—
1044 894 1241 929 Clementis
1272 896 1351 929 XII.
1382 896 1418 929 P.
1449 897 1501 930 M.
1545 895 1706 930 Furerius
1735 908 1810 930 rna-

164 943 284 981 derico
312 948 444 982 ablatas
471 946 592 990 fuisse,
619 945 741 993 easque
763 960 830 981 non
856 949 923 981 Ro—
1046 945 1118 992 jor,
1141 954 1178 980 ut
1202 946 1309 980 Anno
1331 947 1634 982 MDCCXXVII.
1656 945 1810 994 ejusdem

164 1007 283 1036 mam,
324 996 379 1032 sed
427 1000 601 1032 Veronam
631 997 745 1032 missas
787 997 923 1032 tradit.
1043 995 1204 1031 Carrocii
1242 1009 1474 1031 marmoreum
1514 1006 1807 1036 monumentum,

166 1046 338 1082 Fallitur.
369 1050 460 1083 Nam
490 1047 549 1083 etfi
579 1047 767 1095 praefraffie
788 1047 925 1083 inficias
1042 1046 1103 1080 diu
1132 1046 1332 1094 ignoratum
1364 1046 1399 1080 in
1429 1046 1504 1094 ipso
1531 1045 1717 1095 Capitolio
1747 1045 1808 1081 de—

165 1094 218 1131 ire
243 1096 380 1136 nolim,
408 1098 493 1146 quin
524 1108 619 1134 rotae
646 1098 769 1134 deferri
804 1110 926 1146 potue·
1043 1096 1175 1131 testum
1205 1096 1333 1140 fuerit,
1369 1097 1537 1133 videlicet
1565 1097 1601 1132 in
1630 1098 1711 1131 loco
1741 1096 1809 1131 cir·

166 1145 239 1182 rint
268 1149 470 1184 Veronam:
504 1149 594 1185 illud
623 1159 739 1184 tamen
769 1148 923 1184 futurum
1043 1147 1304 1183 cumambiente
1353 1160 1503 1183 carceres
1551 1146 1810 1195 Capitolinos,

165 1197 209 1233 est
240 1208 395 1242 certum,
425 1202 653 1239 Carrociurn,
682 1199 749 1235 sive
773 1202 924 1236 Currum
1043 1198 1135 1245 quod
1173 1198 1292 1233 Sixrus
1336 1200 1378 1233 V.
1412 1197 1577 1234 Pontifex
1621 1196 1806 1234 Maximus

165 1247 279 1296 ipsum
311 1251 460 1285 Romam
489 1250 609 1295 fuiffe,
637 1252 780 1300 jubente
809 1222 957 1309 aide-¹
1043 1248 1271 1284 claudendum
1303 1249 1463 1296 jusserat.
1507 1249 1560 1285 Ibi
1603 1258 1676 1284 erat
1716 1247 1807 1296 lapis

165 1299 264 1339 rico,
301 1300 471 1346 vee‘tum,
508 1301 629 1350 ibique
671 1302 708 1337 in
743 1302 929 1349 Capitolio
970 1301 997 1334 B
1042 1299 1130 1334 olim
1179 1299 1360 1345 impositus
1413 1299 1510 1347 supra
1552 1299 1708 1347 quinque
1750 1312 1810 1334 co-

165 1350 347 1386 locatum.
388 1354 433 1387 Et
473 1353 626 1398 apponte
662 1352 699 1386 in
740 1351 829 1386 hanc
857 1364 928 1386 rem
1044 1350 1180 1384 lumnas
1203 1351 1270 1385 rari
1293 1351 1476 1385 marmoris
1497 1363 1575 1386 curn
1607 1349 1811 1396 Inscriptio—

166 1402 320 1442 accidit,
348 1402 400 1436 uti
432 1415 490 1440 ner
518 1403 637 1437 literas
666 1402 851 1437 certiorem
875 1414 930 1435 me
1046 1412 1087 1434 ne
1137 1399 1337 1449 insculpta,
1384 1414 1490 1449 quam
1540 1401 1620 1438 heic
1660 1399 1810 1435 inserere

166 1450 252 1486 fecit
282 1451 530 1488 Illustriffimus
572 1451 609 1488 ὅ(
651 1452 808 1500 egregius
836 1451 927 1486 anti·
1046 1450 1170 1498 juvar.

166 1501 346 1549 quitatum
375 1503 504 1538 Cultor
531 1502 698 1538 Mar-chio
725 1502 930 1538 Alexander

271 1625 489 1662 CAESARis
516 1627 739 1663 AVGVSTI
768 1627 1045 1670 FRIDERICI,
1074 1625 1248 1669 ROMA,
1276 1627 1496 1662 SECVNDI

373 1704 517 1739 DONA
548 1704 706 1743 TENE‚
733 1705 974 1745 CVRRVM,
1004 1703 1180 1738 PERPES
1209 1702 1265 1738 IN
1293 1704 1422 1737 VRBE
1454 1702 1632 1740 DECVS.

271 1777 362 1815 HIC
389 1780 686 1816 MEDIOLANI
715 1781 911 1816 CAPTVS
942 1780 1004 1814 DE
1032 1780 1229 1814 STRAGE
1258 1780 1557 1815 TRIVMPHOS

379 1857 594 1892 CAESARIS
624 1858 693 1892 VT
722 1857 976 1895 REFERAT‚
1004 1855 1221 1890 INCLITA
1250 1854 1429 1889 PRAEDA
1459 1855 1645 1890 VENIT.

273 1932 451 1970 HOSTIS
481 1935 535 1969 ΙΝ
563 1934 890 1969 OPPROBRIVM
920 1931 1193 1967 PENDEBIT.
1221 1932 1277 1966 IN
1306 1931 1447 1966 VRBIS
1476 1930 1735 1967 HONOREM

375 2010 656 2046 MICTiTvR.
684 2011 832 2047 HVNC
860 2010 1001 2045 VRBIS
1029 2008 1258 2044 MICTERE
1285 2008 1443 2051 JVSSIT
1471 2007 1643 2043 AMOR.

170 2120 225 2155 Ut
251 2117 378 2161 vides,
405 2118 538 2154 diversa
568 2119 612 2154 est
639 2119 838 2168 Epigraphe
866 2121 939 2155 Ro·
978 2118 1013 2155 C
1048 2117 1151 2154 nibus
1178 2117 1392 2154 robustorum
1433 2117 1591 2153 militum
1629 2116 1814 2166 stipatum.

173 2183 251 2206 mae
279 2178 411 2217 reperta
440 2170 483 2204 ab
510 2171 642 2213 altera,
683 2183 787 2219 quam
832 2170 938 2205 Rico-
1052 2171 1172 2217 Itaque
1200 2169 1260 2205 ubi
1289 2170 1401 2203 bonor
1427 2168 1697 2204 advenientibus
1737 2171 1812 2204 Au-

171 2220 293 2257 baldus
321 2220 472 2256 attulit.
503 2223 661 2270 Utraque
689 2231 806 2256 tamen
836 2221 938 2256 dubi·
1049 2220 1152 2268 gustis
1181 2231 1241 2256 aut
1280 2219 1431 2267 Regibus
1472 2219 1686 2255 adhibendus
1716 2229 1816 2261 erat,

171 2280 246 2307 tare
283 2284 346 2307 nos
385 2284 453 2306 non
500 2270 603 2314 finit,
646 2271 732 2314 quin
761 2272 938 2307 Mediola-
1048 2271 1093 2307 iis
1122 2285 1200 2307 cum
1238 2269 1428 2306 Carroccio
1464 2271 1734 2319 occurrebatur-3
1775 2268 1813 2306 &

171 2321 276 2359 nense
329 2323 538 2359 Carrocium
602 2323 714 2359 veluti
765 2323 938 2359 eximium
1050 2324 1158 2358 Anno
1212 2322 1495 2358 MCCXXXIII.
1543 2334 1650 2368 quum
1695 2323 1818 2357 Frater

171 2373 344 2410 Friderici
389 2375 433 2410 ΙΙ.
473 2374 681 2415 trophaeum
724 2376 936 2410 collocatum
1047 2373 1219 2418 Johannes
1255 2371 1400 2407 Ordinis
1440 2372 1726 2408 Praedicator-um
1757 2371 1815 2406 vir

176 2425 309 2461 Romae
337 2425 374 2461 in
403 2426 590 2475 Capitolio
618 2425 744 2462 fuerit.
786 2428 832 2461 Et
862 2426 939 2461 sane
1047 2424 1178 2460 summe
1215 2423 1312 2471 pius,
1352 2436 1468 2471 pacem
1508 2423 1601 2459 inter
1639 2421 1814 2457 discordes

1049 2475 1230 2511 Mai-chiae
1266 2473 1469 2510 Tarvismae
1506 2473 1624 2508 Urbes
1667 2472 1813 2508 statuere

1050 2527 1179 2570 vellet,
1216 2525 1252 2561 in
1280 2538 1399 2573 agrum
1437 2522 1700 2565 Veronensem,
1740 2525 1812 2558 Ro-

1048 2577 1194 2615 landino
1220 2578 1256 2614 &
1294 2574 1490 2614 Ricobaldo
1528 2574 1692 2614 testibus,
1738 2573 1819 2609 uni-

1681 2636 1762 2661 ver-

178 2481 254 2509 tum
298 2477 452 2513 maxime
481 2477 660 2524 potentiae
704 2477 780 2513 suae
809 2476 936 2518 sutela-

178 2527 296 2560 culum
336 2529 512 2563 Civitates
552 2529 761 2575 praebebant
778 2553 788 2568 ,
832 2541 937 2574 quum

176 2573 388 2615 carrocium
410 2579 506 2616 suum
527 2580 737 2626 exerebant,
757 2589 812 2616 tot
828 2579 940 2630 agmi-
