2206 3131
290 225 374 271 609

558 215 930 260 DISSERTATJO
976 215 1528 261 VJGESJMASEPTJMAs

1717 224 1804 260 610

227 277 272 314 est
300 278 341 311 ab
369 275 436 316 iis,
462 288 529 322 qua
556 275 598 311 de
622 275 737 311 caussa
758 275 904 323 ignoro,
931 290 989 311 ve-
1033 277 1075 312 A,
1102 274 1253 322 ejusdem
1294 276 1443 311 Nummi
1490 275 1617 324 effiypo
1657 274 1838 324 apparebit
1855 303 1864 319 ,

227 326 408 364 tustiffima
436 325 605 373 ejusmodi
634 325 871 362 consuetudo.
916 329 991 362 Au-

228 378 381 428 gustinus
408 375 618 419 Justinianus
646 376 683 412 in
722 378 892 412 Annalib.
921 379 990 413 Ge-

230 426 381 465 nuenfib.
413 425 535 462 auam·
575 440 715 475 quoque
751 427 818 469 est,
856 430 990 464 Conra-

229 480 265 515 di
294 477 340 513 II.
368 489 495 512 nomen
523 476 561 512 in
599 477 733 525 patriae
769 477 847 514 suae
876 480 991 514 Num-

229 529 297 565 mis
324 526 531 575 inscriptum
570 526 695 572 suiffe,
736 529 769 563 δε
810 529 847 564 in
876 529 991 564 aversa

223 580 358 624 formam
385 579 509 617 Arcis,
539 577 612 619 sive
647 578 752 621 Castri
787 593 854 614 cum
890 580 992 614 tribu-s

228 630 392 665 turribus.

281 682 370 716 Tres
407 679 640 716 Genuenfium
680 683 856 717 Nummos
893 690 990 717 vete-

230 745 283 768 res
311 745 353 767 ex
383 731 441 767 suo
470 731 595 767 Museo
633 731 723 768 mihi
752 731 991 779 suppeditavit

230 781 471 819 Reverendiss.
494 783 611 817 Abbas
641 781 904 830 Chiappinius.
932 783 991 817 In·

230 841 284 869 ter
311 846 398 881 quos
422 832 557 868 Primus
577 845 697 867 aureus
717 831 870 867 Crucem
894 846 991 877 prae-

231 883 298 919 fert
344 896 424 919 cum
470 882 656 931 epigraphe
712 884 987 918 CONRADV:

230 936 346 970 BEX.
376 936 414 969 In
445 933 570 982 postica
601 935 715 969 DVX.
742 935 915 968 IANVF..

283 984 457 1021 Secundus
478 993 681 1032 argenteus,
702 983 798 1030 cujus
821 997 894 1031 pars
915 997 992 1019 cor·

232 1035 328 1074 rosa,
357 1034 450 1070 hsssce
477 1035 590 1069 literis
618 1044 760 1069 ornatus
789 1034 832 1069 est
861 1033 992 1070 C....

233 1089 255 1122 S
283 1088 327 1121 ΙΙ.
358 1087 434 1121 RO.
466 1086 572 1120 REX.
601 1084 654 1120 M.
687 1086 725 1119 In
752 1083 869 1120 aversa
897 1094 994 1134 parte

236 1138 340 1172 DVX
370 1138 432 1171 GE
447 1163 556 1171 ......

283 1187 429 1222 Tertius
457 1196 638 1233 argenteus
667 1186 754 1222 hanc
782 1185 995 1235 epigraphen

232 1236 377 1274 exhibet
405 1239 690 1273 CONRADVS.
720 1239 826 1272 REX.
858 1240 898 1272 R.
929 1238 995 1272 Vi-

235 1288 319 1324 sltur
345 1288 382 1323 in
411 1289 519 1322 altera
541 1286 628 1322 facie
654 1288 859 1332 inscriptio:
876 1289 996 1321 *DVX

236 1339 559 1374 IANVEN‘HVM
610 1339 793 1372 PRIMVS
823 1364 832 1372 .
889 1339 998 1372 Anno

237 1388 365 1424 Christi
396 1389 707 1422 MCCCXXXIX.
738 1388 846 1421 Simon
878 1391 998 1421 Bricca-

237 1440 331 1486 m'gra
358 1437 488 1474 elegius
515 1437 583 1473 fuit
605 1438 737 1486 primus
764 1437 997 1473 Genuensium

238 1492 342 1526 Dux.
373 1491 493 1536 Itaque
524 1490 631 1523 Anno
659 1489 748 1531 ino,
790 1498 849 1523 aut
879 1488 999 1530 proxi-

237 1554 294 1576 me
314 1539 536 1587 sequentibus
558 1539 748 1588 percuffum
766 1538 863 1575 fuisse
884 1541 999 1575 Num-

239 1604 335 1626 mum
365 1590 540 1638 intelligis
557 1616 566 1625 .

291 1643 445 1687 Quartus
471 1654 613 1683 aureus,
641 1640 796 1676 exfistens
818 1640 906 1687 apud
927 1642 999 1676 Ta-

239 1691 389 1741 jasaccos
417 1691 574 1727 honestos
603 1692 711 1726 Cives
740 1694 847 1739 Burgi
882 1692 999 1727 Sarrsti

241 1740 439 1782 Domnini‚
480 1741 637 1790 egregios
680 1742 910 1777 Nummariae
952 1742 1000 1777 rei

240 1803 446 1836 venatores,
475 1792 511 1827 in
540 1792 656 1827 antica
686 1791 833 1839 praefert
870 1793 928 1827 has
957 1793 1002 1828 li-

240 1852 351 1878 teras:
382 1844 630 1878 CONRADV
653 1855 661 1877 :
688 1844 782 1878 REX
805 1855 812 1878 :
839 1845 1002 1878 ROMA-

243 1895 448 1929 NORVM.
491 1894 530 1928 In
565 1892 692 1940 postica
720 1893 848 1940 species
881 1896 1003 1929 Portae

243 1943 312 1978 five
355 1944 457 1978 Arcis
499 1943 646 1978 turritae
688 1956 765 1979 cum
818 1944 1004 1991 epigraphe

244 1995 348 2030 DVX
373 2006 381 2028 :
407 1993 1001 2040 IANVEN81VM:QVARTV:

243 2044 379 2080 scilicet
408 2053 466 2078 aut
485 2043 651 2088 Jobannes
671 2046 835 2078 Vicecomes
856 2045 1003 2080 Archie-
1034 2063 1035 2076 ι

244 2094 403 2143 piscopus
431 2095 464 2129 8<
496 2093 669 2128 Dominus
697 2093 920 2133 Mediolani,
947 2104 1005 2130 aut

245 2144 388 2193 potius,
416 2154 454 2180 ut
482 2157 585 2187 reor,
622 2143 715 2179 idem
749 2146 856 2178 simon
885 2148 1002 2179 Bacca-

245 2196 359 2242 nigm,
388 2195 448 2242 qui
479 2196 587 2230 Anno
609 2194 739 2229 Christi
762 2197 1005 2232 MCCCLXL

243 2245 373 2282 iterum
403 2248 544 2281 Genuae
575 2247 654 2280 Dux
678 2245 896 2281 renuntiatus
917 2246 1005 2282 fuir.

296 2297 474 2342 Quinffius
502 2295 591 2340 apud
620 2295 837 2332 Molinetum
862 2295 1006 2342 visitur,

245 2349 387 2383 Genuae
415 2346 535 2391 cusus‚
563 2359 632 2394 quo
661 2356 816 2394 tempore
846 2347 1006 2383 Ludovi-

245 2409 287 2431 co
315 2400 395 2433 XII.
425 2401 636 2433 Francorum
667 2398 755 2446 Regi
791 2397 823 2433 se
853 2399 1006 2445 Populus
1034 2435 1035 2440 ¹

246 2446 310 2482 ille
337 2448 504 2491 tradidit,
546 2447 612 2484 hoc
640 2448 710 2490 est,
739 2450 846 2484 Anno
873 2447 1006 2485 Christi
1033 2447 1036 2463 ¹

249 2497 558 2534 MCCCCXCIX.
584 2502 637 2535 Ne
659 2508 741 2535 tunc
761 2498 902 2546 quidem
922 2502 1006 2534 Con-

246 2551 359 2583 radum
385 2548 495 2586 obliti
520 2549 599 2587 sunt
626 2549 847 2596 Genuenses‚
884 2559 922 2586 ut
962 2563 1006 2587 ex

1075 1224 1077 1230 ¹
1104 1185 1198 1221 cedit
1211 1214 1221 1230 ‚

1101 337 1208 371 quum
1251 324 1287 359 in
1316 326 1388 371 ejus
1425 326 1542 362 antica
1579 328 1715 375 legatur
1742 327 1866 362 CON-

1103 377 1218 411 RAD.
1249 377 1356 410 REX.
1397 379 1661 413 ROMANOR.
1696 375 1745 412 &.
1777 378 1815 413 B.
1837 378 1864 412 1.

1103 426 1240 462 fortaffe
1260 426 1446 468 BenefaJor
1461 431 1614 472 januae,
1643 428 1698 463 vel
1711 431 1864 472 Januen-

1096 476 1197 519 stum.
1227 475 1267 511 In
1297 475 1422 524 postica
1451 480 1739 514 LVDOVICVS
1766 479 1864 514 REX

1103 528 1286 562 FRANC.
1316 527 1419 562 IAN.
1450 530 1491 562 D.
1514 529 1596 564 idest
1615 533 1748 574 Januae
1769 532 1864 564 Dux.

1103 577 1158 613 Est
1184 578 1216 612 8<
1241 576 1329 612 mihi
1358 587 1538 626 argenteus
1561 581 1774 616 Nummulus
1794 581 1865 615 Ge-

1104 627 1307 676 nuenfiumg,
1337 627 1391 662 sed
1420 629 1501 676 quia
1529 630 1648 666 exesae
1675 630 1754 665 sunt
1782 631 1866 665 lite-

1074 655 1077 723 ,
1103 693 1160 714 rae
1186 679 1223 714 in
1253 680 1361 713 altera
1389 677 1479 715 facie
1507 681 1566 716 ubi
1609 683 1746 716 tantum
1775 680 1864 727 legi-

1041 730 1076 768 B¹
1102 738 1160 765 tur
1190 731 1292 763 Dvx
1322 731 1543 774 IANVAE,
1580 732 1622 766 ab
1662 745 1703 768 eo
1732 730 1864 766 edendo

1104 780 1280 815 abstineo.
1324 782 1448 828 Neque
1485 781 1536 816 ibi
1574 782 1662 818 deest
1702 783 1864 819 CHON-

1104 832 1270 867 RADVS
1298 832 1394 866 REX
1424 833 1669 870 ROmanorum.

1205 934 1479 969 LAVANIAE
1521 936 1742 972 COMITES
1754 963 1762 971 .

1184 1033 1367 1071 Liscorum
1409 1035 1601 1085 (Fieschi)
1630 1035 1865 1072 Genuenfium

1207 1085 1339 1121 nobilis
1369 1085 1546 1134 prosapia,
1574 1101 1661 1134 quae
1682 1088 1772 1123 nulli
1794 1088 1867 1122 Ita-

1103 1136 1251 1171 licarum
1280 1137 1495 1184 antiquitate
1523 1139 1555 1172 ὅ(
1582 1138 1762 1185 splendore
1783 1151 1867 1172 con-

1273 1196 1395 1235 utpote
1437 1201 1525 1234 quae
1567 1189 1690 1223 Seculo
1732 1186 1868 1224 Christi

1106 1237 1366 1272 Decimotertio
1403 1238 1488 1273 duos
1531 1238 1702 1274 Ecclesiae
1739 1242 1870 1274 Roma-

1106 1300 1169 1322 nae
1208 1287 1398 1323 Pontifices
1435 1288 1553 1332 dedit,
1595 1289 1751 1336 aliosque
1788 1288 1870 1323 insi-

1106 1350 1188 1385 gnes
1226 1339 1321 1372 viros
1364 1337 1495 1384 semper
1538 1340 1693 1387 peperit,
1736 1353 1753 1374 a
1781 1353 1871 1374 non-

1107 1386 1216 1422 nullis
1254 1388 1385 1423 Seculis
1423 1387 1649 1424 Comitatum
1688 1390 1870 1426 Lavaniae

1106 1438 1244 1482 tenuit,
1296 1438 1445 1488 aliisque
1489 1441 1728 1486 compluribus
1779 1440 1869 1477 locis

1107 1488 1289 1524 dominata
1309 1489 1372 1525 est.
1403 1492 1599 1526 Nummum
1621 1505 1757 1527 aereum
1785 1491 1871 1527 Mu-

1107 1539 1203 1574 tinae
1232 1539 1378 1586 poffidet
1405 1541 1492 1576 alibi
1520 1542 1680 1577 laudatus
1723 1544 1872 1577 Aldera—

1108 1603 1169 1625 nus
1201 1590 1356 1626 Narius.
1386 1591 1441 1626 Ibi
1471 1591 1605 1627 scutum
1626 1620 1634 1635 ‚
1673 1592 1727 1627 sed
1772 1594 1871 1628 nullo

1108 1639 1295 1688 insignium
1325 1641 1472 1689 vestigio
1492 1654 1693 1678 exaratum.
1724 1643 1761 1678 ln
1789 1644 1873 1679 lim—

1110 1692 1153 1726 bo
1182 1691 1312 1739 legitur
1349 1694 1582 1728 MONETA.
1623 1695 1801 1729 FELISC.
1832 1694 1872 1729 In

1111 1741 1237 1790 posti-ca
1285 1741 1408 1783 Crux.
1449 1743 1482 1777 ὃ(
1524 1743 1712 1792 epigraphe
1758 1746 1874 1780 SAN—

1109 1794 1249 1828 CTVS.
1286 1794 1565 1829 TEONETVS.
1614 1796 1775 1830 MART.
1815 1795 1871 1830 Ad

1111 1842 1243 1878 Fuscos
1281 1845 1460 1878 Lavaniae
1502 1844 1664 1879 Comites
1701 1845 1874 1893 pertinere

1111 1893 1202 1927 hunc
1246 1895 1442 1929 Nummum
1495 1894 1643 1938 censui,
1691 1908 1761 1930 non
1803 1910 1873 1932 uno

1112 1954 1228 1978 tamen
1256 1957 1369 1979 errore
1398 1942 1565 1980 vitiatum
1602 1958 1710 1993 quum
1740 1947 1874 1991 Felisco-

1112 2008 1178 2027 rum
1218 2007 1279 2042 pro
1316 1995 1510 2039 Fliscorum,
1554 1994 1592 2031 &
1633 1999 1784 2031 Teonetus
1814 2011 1874 2045 pro

1112 2045 1300 2087 Teumesius,
1342 2045 1398 2081 seu
1436 2047 1553 2095 potius
1595 2047 1781 2089 Theonellus
1822 2049 1873 2084 ibi

1113 2105 1297 2130 occurrat.

1168 2146 1317 2182 Nummi
1345 2145 1414 2182 duo
1442 2161 1460 2182 a
1489 2147 1620 2184 schedis
1648 2149 1877 2186 Blanchinia-

1115 2195 1191 2235 nis,
1230 2199 1388 2232 Veronae
1427 2197 1464 2233 in
1504 2199 1627 2234 Museo
1659 2199 1876 2236 Muselliano

1116 2247 1326 2286 adservatis.
1355 2247 1552 2294 demorati,
1583 2260 1715 2286 certum
1746 2264 1800 2286 me
1828 2251 1879 2286 fe-

1116 2311 1212 2338 cere,
1250 2297 1290 2332 de
1329 2299 1500 2342 Fliscorum
1542 2301 1655 2336 nobili
1698 2312 1801 2349 gente
1838 2301 1878 2337 in

1118 2347 1284 2394 superiori
1315 2350 1472 2385 Nummo
1502 2351 1556 2399 agi
1577 2378 1585 2387 .
1615 2351 1656 2386 In
1687 2352 1800 2397 primo
1828 2352 1877 2388 ef-

1118 2397 1215 2446 figies
1244 2398 1335 2438 viri,
1371 2399 1409 2435 in
1447 2402 1558 2436 altero
1596 2402 1730 2448 Aquila
1766 2402 1880 2439 cerni-

1118 2458 1195 2492 tur,
1224 2462 1301 2484 cum
1331 2449 1444 2486 literis
1475 2453 1673 2487 PETRVS.
1702 2454 1878 2490 LVCAS.

1118 2501 1325 2536 FLISCVS.
1368 2502 1612 2538 LAVANIE.
1655 2505 1784 2539 comes
1811 2505 1877 2540 δίε.

1117 2551 1158 2586 In
1186 2550 1365 2600 utriusque
1404 2552 1535 2604 postica
1570 2553 1702 2604 effigies
1735 2554 1878 2601 Marty-

1757 2619 1828 2652 ns,
