2206 3131
352 236 408 273 99

293 278 378 319 casas
407 291 458 311 nec
485 286 583 312 terras
609 277 746 322 habent,
774 279 874 312 decem
901 277 1059 325 excipit,

293 327 354 373 qui
382 327 498 371 Judici
532 328 657 371 faciant
691 339 745 373 per
772 330 995 363 hebdomadam
1023 341 1060 361 u-

293 390 367 411 nam
395 389 455 413 tres
482 389 589 424 operas
606 407 616 422 ,
645 381 737 427 usque
763 381 839 414 dum
867 381 931 425 ipse
947 381 1061 425 Judex

293 429 332 462 de
358 431 492 464 exercitu
520 441 717 467 revertatur.
753 431 940 472 Scultasiis‚
977 429 1061 466 idest

293 479 492 516 minoribus
513 480 716 526 judicibus,
737 481 971 518 dimittuntur
991 490 1059 517 tres

291 528 476 572 homines,
504 545 632 580 equum
661 533 847 572 habentes,
888 531 926 567 ὃ(
955 531 1060 580 quin-

292 595 360 629 que
388 582 429 619 de
459 582 680 620 minoribus.
721 584 875 618 salsuriis
903 583 1060 629 accipere

294 633 357 671 fibi
386 647 493 670 unum
523 647 650 681 equum
679 634 837 676 licebat,
878 635 911 669 &
951 645 1058 668 unum

294 687 333 720 de
359 684 538 720 hominibus
566 685 725 720 minimis.
770 684 876 721 Pauci
913 684 967 719 isti
998 684 1060 718 ho-

297 736 409 772 mines
437 735 599 779 excepti,
628 737 682 772 uti
711 736 871 775 videtur,
900 735 995 770 domi
1020 734 1060 769 si-

294 787 467 823 nebantur
502 787 594 830 esse,
632 787 715 823 dum
759 786 891 834 reliqui
924 786 1061 821 milita-

296 847 394 875 rent.
431 840 511 874 Hoc
540 847 657 874 tamen
686 851 748 886 pro
775 847 871 873 certo
901 851 970 873 non
998 836 1061 872 sta-

295 897 384 925 tuo:
415 902 527 936 neque
555 889 650 925 enim
681 888 762 924 satis
791 887 945 928 constat,
982 887 1062 936 quis

295 938 395 976 illius
425 939 531 988 Legis
561 939 602 975 lit
629 939 766 975 sensus.
798 939 904 985 Quod
934 938 956 973 fi
984 938 1062 985 opi-

296 991 410 1035 neris,
439 990 530 1039 ipsos
559 991 597 1026 in
624 990 821 1026 exercitum
851 988 1062 1038 processisse,

298 1051 391 1077 certe
420 1041 659 1090 perrexerint,
687 1054 757 1076 non
783 1050 822 1076 ut
843 1040 1063 1082 militarent,

299 1091 355 1128 sed
384 1101 422 1128 ut
451 1092 600 1128 sarcinas
637 1091 822 1131 Comitis,
864 1099 923 1126 aut
965 1091 1063 1126 Scul-

298 1142 430 1183 dascii,
472 1152 531 1179 aut
560 1142 693 1178 saltarii
723 1141 791 1178 suis
832 1141 931 1190 equis
961 1141 1064 1177 vehe-

298 1203 404 1235 sent,
445 1194 563 1243 eisque
600 1193 873 1233 famularentur,
911 1193 993 1228 dum
1023 1193 1065 1227 ab

299 1244 529 1293 expeditione
550 1253 828 1281 reverterentur.
854 1243 945 1279 Illud
967 1253 1065 1279 extra

302 1295 575 1331 controversiam
604 1295 671 1334 est,
699 1295 722 1330 fi
752 1296 864 1343 plures
886 1296 988 1342 quam
1014 1293 1066 1330 su—

302 1359 360 1395 pra
389 1345 528 1394 excepti
557 1358 599 1381 ex
628 1345 699 1384 iis,
740 1359 793 1391 qut
828 1346 873 1380 ad
905 1344 1068 1378 exercitum

301 1398 465 1434 ambulare
490 1398 626 1437 dehent.
668 1395 853 1443 quisquam
889 1393 1069 1429 dimisisset

295 1447 365 1491 fine
389 1447 490 1494 Regis
514 1445 660 1506 permiffu
683 1456 739 1481 aut
766 1445 917 1490 juffione,
941 1444 1069 1490 guidri-

298 1499 375 1546 gild
397 1499 490 1542 suum
517 1499 554 1533 in
583 1497 679 1533 sacro
708 1497 847 1532 Palatio
878 1508 1070 1544 compone-

304 1562 342 1586 re
370 1549 585 1597 cogebatur.

355 1599 449 1635 Heic
477 1608 594 1634 autern
624 1596 817 1634 sciscitetur
857 1595 1039 1645 quisquam
1059 1621 1069 1636 ,

303 1663 387 1687 num
426 1663 544 1686 revera
583 1648 741 1697 quisquis
789 1658 888 1694 aptus
932 1647 999 1682 fuit
1028 1647 1069 1682 ad

305 1714 401 1737 arma
431 1700 592 1744 ferenda,
630 1699 913 1736 conscribebatur
941 1699 1070 1737 Miles,

303 1753 337 1788 &
367 1752 407 1788 ad
437 1751 632 1788 exercitum
663 1749 835 1809 proficisci
858 1747 1068 1797 cogebatur?

306 1805 432 1861 Neque
460 1802 578 1845 enim,
608 1801 772 1850 inquies,
801 1799 980 1848 prudentis
1004 1802 1070 1835 Re-

306 1854 359 1903 gis
387 1854 529 1896 fuisset,
569 1853 680 1889 Urbes
707 1853 740 1887 δι
769 1850 920 1887 Castella
949 1849 1070 1898 praefi-

305 1905 366 1941 dio
403 1918 442 1940 ac
470 1903 647 1940 defensore
684 1915 906 1951 quocumque
939 1901 1072 1937 exhau-

305 1955 395 1992 rire·
440 1964 546 2003 atque
583 1954 805 2003 impietatem
846 1952 1070 1994 redoluisset‚

305 2006 446 2042 miieras
484 2007 648 2042 mulieres
686 2017 792 2052 paene
827 2002 1004 2039 universas
1032 2015 1071 2038 ae

306 2056 487 2097 infantes,
516 2056 603 2092 viris
631 2055 699 2091 suis
729 2055 909 2103 privatas,
949 2053 986 2090 in
1015 2053 1070 2089 in-

308 2108 494 2144 commoda
516 2106 735 2143 intoleranda
752 2105 946 2154 conjicere.
968 2106 1071 2140 Prae-

308 2158 565 2207 terquamquod
588 2170 747 2207 agrorum
770 2158 907 2192 cultura
927 2154 965 2192 &
984 2154 1072 2191 mes-

308 2207 372 2249 fis
415 2208 544 2256 ubique
572 2209 698 2256 pessum
728 2207 840 2244 iiss'et.
885 2207 945 2243 Ad
987 2206 1072 2242 haec

309 2268 367 2295 tot
411 2259 507 2295 viros
554 2260 596 2294 ad
637 2259 807 2295 militiam
841 2257 987 2294 idoneos
1014 2258 1072 2293 vel

308 2318 394 2346 tunc
439 2309 543 2346 Italia
586 2310 786 2349 nutriebat,
827 2319 868 2346 ut
893 2308 1073 2357 quoslibet

311 2360 452 2411 adigere
493 2360 640 2396 voluiffe
680 2360 722 2395 ad
749 2374 843 2397 arma
878 2358 1073 2409 capienda,

312 2412 506 2450 immanem
535 2411 643 2448 nimis
670 2411 850 2458 copiarum
888 2423 1072 2448 numerum

311 2463 535 2506 reddidisset,
563 2462 655 2498 unde
682 2463 886 2510 plerumque
913 2463 990 2511 plus
1015 2461 1075 2496 de-

313 2514 476 2550 trimenti
505 2514 611 2561 quarn
640 2512 809 2549 utilitatis
829 2512 969 2549 effluere
990 2525 1075 2548 con-

313 2564 449 2603 suevit.
477 2567 576 2602 Haec
602 2565 636 2601 δε
664 2577 730 2613 ego
756 2573 838 2601 ante
862 2565 985 2601 oculos
1011 2563 1076 2600 ha-

635 217 1072 276 ANTJQyJD

1111 215 1362 260 MEDII
1406 217 1607 261 AEVI

1809 235 1889 264 100

1102 278 1148 312 A=
1183 276 1268 317 beo,
1312 290 1401 325 quae
1429 290 1484 312 me
1513 292 1530 313 a
1558 275 1731 313 credendo
1758 287 1922 315 avertunt
1940 307 1950 323 ,

1181 327 1321 374 quando
1358 328 1478 376 aliqua
1517 329 1749 364 oboriebatur
1777 328 1862 364 belli
1891 343 1953 365 ne-

1179 379 1336 420 cessitas,
1375 379 1524 415 accitam
1553 379 1654 416 fuisse
1682 381 1725 416 ad
1753 380 1951 417 exercitum

1180 430 1379 466 universam
1425 442 1592 480 gentem.
1640 433 1688 467 Et
1731 444 1950 479 quamquam

1180 483 1293 517 multa
1320 481 1549 531 ignoremus,
1587 482 1791 532 excogitare
1829 493 1949 519 tamen

1180 532 1288 573 licet.
1330 534 1582 582 Langobardos
1612 536 1723 582 Reges
1754 532 1948 570 adhibuisse

1181 582 1218 618 in
1256 583 1391 618 deleEhi
1437 583 1596 619 militum
1640 584 1948 625 moderationem,

1181 634 1320 680 qualern
1349 633 1513 681 exigebat
1543 635 1689 682 prudens
1731 636 1948 682 Populorum

1180 687 1358 731 regimen.
1389 687 1511 732 Neque
1540 685 1718 720 diffimilis
1746 685 1883 721 fortasse
1905 688 1947 723 ab

1111 735 1139 770 B
1181 735 1244 770 illa
1273 734 1402 779 fuerit,
1430 749 1535 784 quarn
1564 736 1664 771 nobis
1694 735 1839 772 exhibet
1863 740 1949 771 Con-

1109 1190 1143 1228 C
1182 1193 1259 1235 test,
1298 1204 1423 1251 pergere
1450 1194 1483 1227 in
1513 1193 1593 1235 hoste
1632 1193 1789 1240 jubetur.

1174 786 1302 828 stitutio
1336 787 1538 833 promotionis
1575 786 1722 821 exercitus
1770 789 1951 823 Beneven-

1182 847 1258 872 tum
1305 839 1444 877 vershs,
1490 837 1581 873 faRa
1628 851 1646 873 a
1684 838 1873 874 Ludovico
1903 840 1948 874 ΙΙ.

1182 887 1397 935 Imperatore
1435 888 1578 924 circiter
1618 891 1765 924 Annum
1796 891 1949 925 DCCC-

1184 941 1316 974 LXVI.
1346 941 1449 974 Hanc
1491 952 1561 974 non
1604 938 1671 975 sine
1704 940 1841 975 mendis
1867 939 1951 987 qui-

1184 989 1324 1025 busdam
1353 989 1466 1025 edidit
1496 989 1737 1038 Peregrinius,
1776 989 1814 1027 &
1852 1004 1952 1027 recu-

1183 1039 1252 1075 sam
1291 1040 1395 1077 habes
1434 1042 1527 1076 Part.
1565 1043 1606 1076 Is.
1651 1042 1762 1077 Tomi
1802 1041 1828 1077 1.
1873 1043 1952 1077 Rer.

1185 1091 1338 1127 Italicar.
1376 1104 1452 1140 pag.
1489 1095 1573 1138 264.
1617 1092 1670 1127 Ibi
1701 1092 1884 1139 quicumque
1911 1093 1951 1126 de

1183 1142 1349 1177 mobilibus
1392 1143 1573 1190 Widrigila
1607 1142 1701 1187 suum
1742 1143 1853 1177 habere
1894 1154 1951 1188 po-

1840 1192 1951 1238 Idest,

1184 1254 1222 1279 ut
1251 1244 1435 1292 conjicio,
1464 1245 1522 1281 cui
1550 1253 1688 1279 tantum
1719 1244 1763 1280 est
1791 1244 1952 1279 fortuna—

1184 1307 1260 1330 rum
1303 1294 1520 1338 mobilium,
1562 1304 1602 1330 ut
1647 1309 1794 1351 poenam
1827 1295 1952 1330 inobe-

1185 1345 1340 1380 dientiae
1368 1345 1563 1393 persolvere
1600 1345 1725 1390 possit,
1765 1346 1794 1381 is
1837 1345 1878 1380 ad
1918 1359 1955 1382 e-

1187 1395 1360 1430 xercitum
1410 1404 1549 1443 pergat.
1596 1396 1665 1442 Qui
1711 1401 1785 1431 -υειὸ
1816 1396 1956 1430 medium

1188 1445 1370 1492 Widrigild
1396 1445 1509 1485 habet,
1551 1447 1613 1479 duo
1645 1445 1756 1491 junc‘ii
1797 1447 1830 1480 in
1859 1459 1957 1481 unum

1187 1496 1374 1541 qualitatem
1410 1496 1589 1538 instruant,
1632 1509 1668 1531 ut
1705 1499 1780 1531 bene
1814 1498 1859 1530 ire
1883 1497 1956 1541 pos-

1180 1546 1274 1587 sint.
1315 1550 1471 1592 Pauperes
1499 1549 1572 1580 verb
1605 1548 1752 1591 personae
1788 1550 1832 1582 ad
1858 1548 1957 1590 cusio-

1186 1597 1274 1630 diam
1301 1597 1518 1636 maritimam,
1554 1599 1609 1631 vel
1642 1598 1767 1644 patriae
1792 1609 1956 1645 pergant,

1116 1646 1148 1680 D
1180 1647 1212 1688 fi
1236 1647 1401 1694 plusquam
1429 1649 1527 1682 decem
1555 1649 1679 1682 ,solidos
1705 1648 1798 1683 habet
1824 1650 1863 1683 de
1891 1662 1955 1684 mo-

1187 1698 1329 1734 bilibus.
1367 1699 1507 1744 Quibus
1546 1712 1588 1735 ex
1618 1699 1733 1735 verbis
1772 1699 1956 1745 exceptio-

1187 1762 1266 1784 nem
1288 1748 1439 1794 primam
1461 1749 1652 1799 habemus3
1676 1764 1841 1798 pauperes
1857 1750 1953 1786 enim

1188 1800 1229 1835 ad
1267 1799 1455 1835 custodiam
1496 1801 1628 1849 patriae
1660 1801 1957 1837 dimittebantur.

1189 1851 1352 1898 Sequitur
1379 1852 1509 1886 altera:
1553 1852 1623 1898 Qui
1660 1865 1720 1886 non
1758 1853 1831 1896 plus
1859 1853 1956 1899 quim

1186 1905 1286 1936 decem
1312 1902 1436 1936 ‚solidos
1462 1903 1555 1937 habet
1580 1909 1620 1937 de
1640 1902 1806 1938 mobilibus
1821 1931 1830 1947 ,
1858 1903 1905 1937 nil
1925 1902 1956 1937 et*

1189 1953 1385 1999 requiratur.
1426 1953 1580 1989 Accedit
1616 1953 1747 1989 tertia:
1789 1955 1829 1988 Si
1866 1964 1959 1997 pater

1189 2017 1284 2038 unum
1304 2002 1416 2047 filium
1442 2004 1585 2039 babuerit
1601 2031 1610 2047 ,
1640 2003 1687 2043 &⁵
1715 2005 1778 2051 ipse
1794 2004 1892 2049 filius
1918 2016 1958 2039 u—

1189 2055 1278 2089 tilior
1300 2065 1392 2100 patre
1417 2054 1485 2097 est,
1522 2054 1689 2097 instruffius
1724 2071 1744 2090 a
1769 2066 1860 2102 patre
1883 2067 1957 2102 per-

1158 2131 1159 2136 ,
1187 2115 1266 2152 gat.
1293 2108 1379 2140 Nam
1400 2105 1433 2146 fi
1455 2116 1548 2152 pater
1573 2107 1684 2140 utilior
1709 2106 1772 2148 est,
1801 2106 1864 2152 ipse
1883 2116 1957 2150 per-

1188 2166 1267 2203 gat.
1304 2157 1430 2204 Neque
1469 2155 1547 2192 heic
1575 2155 1726 2192 confist.t
1761 2155 1959 2191 moderatio

1192 2206 1364 2259 generalis
1415 2207 1619 2255 praecepti·
1673 2208 1810 2252 Quarta
1860 2206 1958 2242 enim

1193 2266 1359 2304 exceptio
1386 2238 1619 2304 subsequitur
1633 2256 1688 2293 his
1715 2256 1858 2293 verbis:
1889 2255 1960 2302 ‚Qui

1191 2311 1271 2343 duos
1305 2306 1397 2352 filios
1437 2308 1604 2348 babuerit,
1644 2311 1827 2354 quicumque
1852 2321 1889 2341 ex
1915 2306 1963 2342 eis

1193 2358 1305 2393 utilior
1324 2357 1451 2402 fuerit,
1478 2357 1543 2402 t’pse
1566 2368 1708 2405 pergat,
1705 2371 1714 2379 ·
1739 2359 1826 2392 alius
1853 2367 1959 2392 autem

1194 2423 1262 2444 cum
1301 2419 1392 2452 patre
1431 2419 1613 2443 remaneat.
1653 2410 1750 2455 ‚Quod
1784 2408 1819 2450 fi
1851 2409 1959 2453 plures

1187 2460 1279 2506 filios
1306 2458 1474 2499 babuerit,
1500 2459 1642 2494 utiliores
1668 2472 1770 2493 omnes
1794 2469 1963 2506 pergant,-

1195 2513 1321 2547 tantam
1347 2524 1427 2545 unus
1447 2520 1626 2549 remaneat,
1651 2511 1708 2556 qut*
1725 2510 1872 2545 inutilior
1886 2509 1961 2552 fue·

1196 2562 1260 2599 rit.
1287 2564 1338 2599 De
1357 2560 1518 2607 [ratribus
1542 2560 1716 2606 indi-vifis,
1743 2560 1779 2603 fi
1802 2562 1866 2596 duo
1887 2559 1959 2602 [ue-

1814 2612 1885 2646 rint
1894 2636 1906 2655 ,
