2206 3131
396 225 450 275 67
658 220 1105 280 ANTIQUIT.
1154 221 1652 267 MEDIIAEV'I
1856 225 1912 268 68

333 277 400 313 ties
428 275 535 313 0061u
562 278 689 315 latenti
718 279 807 318 facie
833 282 994 318 incedere
1019 282 1094 317 vel-

334 330 430 364 lent:
469 328 563 376 quod
590 332 623 365 8<
652 330 803 369 feminae
842 346 1002 381 procaces
1040 332 1095 368 in—

333 377 471 416 terdum
510 378 625 415 fecisse
661 381 986 429 deprehenduntur.
1025 386 1094 419 Ve-

332 432 410 467 rum
452 431 668 479 temporibus
713 434 902 471 barbaricis
943 434 1012 470 five
1053 434 1094 470 ad

334 481 595 518 Monachorum
609 485 880 521 aemulationem
895 514 905 530 ‚
922 484 990 521 five
1002 485 1093 532 quod

331 533 458 580 hyeme
486 533 523 568 in
552 533 676 581 primis
702 535 743 571 ad
772 537 957 572 arcendum
986 535 1094 584 frigus

331 596 500 633 perquam
542 585 728 622 commoda
765 585 803 622 &
840 596 921 635 apta
958 586 1094 621 videre-

335 644 394 672 tur
421 634 505 670 haec
534 636 729 684 tegumenti
767 637 918 685 species,
953 637 1095 673 Secula-

334 699 387 722 res
416 685 508 725 viri,
538 686 672 723 nobiles
700 701 863 736 quoque,
890 687 930 725 &
959 686 1095 724 Princi-

334 749 400 785 pes⁴
434 735 495 785 ipfi
537 737 574 773 in
617 737 747 775 honore
783 741 817 775 &
855 738 916 776 usu
955 739 1097 785 caputia

335 788 553 824 habuerunt.
567 791 654 825 Sunt
674 790 736 838 qui
757 790 994 830 arbitrantur,
1014 791 1092 825 Hu-

333 852 461 889 gonem
499 839 666 876 Franciae
703 843 862 891 Regem,
899 841 989 877 unde
1024 840 1096 876 ori-

333 890 452 939 ginem
481 890 581 927 ducit
604 891 710 928 tertia
730 894 763 927 &
793 893 930 938 inclyta
959 895 1093 940 Regum

333 942 480 977 illorum
507 955 600 978 nunc
628 955 774 991 regnans
807 942 986 991 prosapia,
1017 942 1097 977 ideo

333 992 449 1037 Capeti
475 992 665 1041 agno-mine
691 993 885 1038 donatum,
913 992 1006 1041 quod
1028 994 1097 1028 Ca-

335 1043 435 1092 putia
463 1044 576 1079 aliena
604 1043 680 1080 ludi
708 1043 823 1081 caussa
849 1043 981 1080 auferre
1010 1042 1098 1079 sole-

335 1104 411 1130 tet.
449 1094 641 1130 Neminem
678 1108 721 1131 ex
759 1094 916 1143 antiquis
943 1094 994 1130 rei
1023 1104 1095 1129 tarn

335 1145 493 1194 vulgaris
517 1145 633 1181 testem
663 1145 801 1181 laudare
821 1159 907 1194 opus
928 1144 994 1181 est.
1022 1146 1098 1181 Nos

334 1197 416 1233 aliis
445 1195 601 1232 moribus
629 1209 720 1232 nunc
748 1196 904 1232 vivimus
932 1197 966 1231 8<
996 1196 1096 1231 vive-

335 1259 413 1284 mus
441 1246 552 1283 donec
581 1247 761 1284 varietatis
781 1246 819 1284 &
843 1247 1017 1283 novitatis
1037 1259 1096 1282 cu-

337 1297 445 1346 pido,
473 1298 566 1345 quod
593 1298 728 1345 jamdiu
756 1298 911 1339 cecidit.
939 1297 976 1333 &
1005 1310 1098 1332 nunc

339 1347 477 1388 sordet,
514 1347 753 1397 recipiendum
789 1348 997 1384 idemtidem
1025 1348 1099 1383 sua-

339 1399 440 1435 deat.
492 1439 495 1441 K
636 1436 639 1438 ,

391 1452 491 1496 Quae
519 1459 634 1486 autem
663 1449 740 1488 dixi
769 1449 810 1486 de
837 1450 1012 1496 caputiis,
1049 1448 1098 1484 ita

339 1501 573 1550 intelligenda
611 1500 711 1542 sunt.
754 1510 792 1536 ut
834 1500 934 1535 fimul
977 1500 1096 1534 statua-

341 1565 440 1592 mus,
476 1564 653 1599 nunquam
683 1550 779 1587 usum
807 1551 893 1585 Pilei
920 1549 1102 1585 vetustiffi·

340 1615 437 1639 mum
476 1603 565 1650 apud
608 1603 760 1651 Populos
798 1601 1003 1636 Occidentis
1047 1601 1100 1635 in-

340 1653 533 1690 tercidiffe.
563 1655 657 1689 Nam
685 1651 745 1688 etsi
773 1652 1001 1687 Vocabularii
1031 1653 1099 1686 Ita-

339 1704 404 1742 lici
444 1704 530 1740 della
569 1704 686 1748 Crusca
726 1703 945 1739 AuPcoribus
989 1701 1100 1737 visum

338 1754 471 1795 suerit,
507 1755 651 1800 caputia
687 1768 706 1790 a
743 1752 942 1801 Majoribus
979 1752 1102 1788 nostris

340 1806 499 1843 adbibita
541 1805 640 1842 fuiffe
676 1805 710 1839 in
746 1805 863 1840 cambio
888 1804 926 1839 di
951 1804 1103 1850 cappello

342 1857 430 1905 (nos
457 1856 553 1893 enim
589 1857 641 1893 ita
668 1856 793 1897 Pileum
830 1854 1101 1903 nuncupamus)

342 1917 498 1945 attamen
528 1906 590 1944 vix
621 1906 774 1949 dubito,
801 1906 888 1954 quin
914 1919 986 1953 quo
1013 1914 1102 1940 tem-

342 1972 425 2009 pore
452 1959 594 2005 Caputiae
633 1956 911 2003 uffirpabanrur,
952 1955 1041 1991 Pilei
1069 1968 1104 1990 e-

341 2010 431 2047 tiam
458 2008 590 2046 fuerint
617 2008 654 2044 in
684 2007 745 2043 usu
783 2006 986 2055 frequenti,
1022 2007 1057 2041 ὅ(
1085 2019 1104 2041 a

344 2059 517 2111 plerisque
545 2069 734 2107 utrumque
763 2057 890 2106 capitis
920 2067 1103 2107 tegumen-

346 2121 422 2149 tum
464 2111 665 2146 adhibitum
713 2108 819 2145 fuerit
840 2135 851 2152 ‚
901 2107 1103 2156 praesertim

344 2161 484 2211 quando
513 2162 655 2210 pluviae
691 2159 915 2197 incommoda
943 2173 963 2195 a
990 2158 1105 2205 capite

346 2214 491 2250 arcenda
533 2222 631 2248 erant
657 2239 666 2247 .
708 2211 818 2247 Usum
859 2210 952 2246 hunc
992 2209 1104 2244 adhuc

346 2265 484 2301 servant
513 2263 619 2298 multi
658 2261 917 2311 Religiosorum
944 2260 1105 2296 virorum

347 2316 523 2359 Ordines,
560 2312 599 2350 &
637 2313 842 2349 cardinales
869 2315 901 2348 S.
930 2314 970 2347 R.
999 2313 1040 2346 E.
1068 2310 1105 2346 in

348 2366 555 2416 quibusdam
585 2363 784 2400 solennibus
807 2362 1106 2412 equitationibus.

347 2418 459 2466 quue
495 2418 604 2454 etiam
640 2414 820 2462 intelliges
856 2428 898 2450 ex
939 2413 1107 2458 Iohannis

350 2467 607 2507 sarisberiensis
636 2465 750 2501 verbis
788 2465 869 2500 Lib.
897 2477 931 2513 3.
959 2466 1046 2511 Cap.
1073 2466 1108 2499 6.

352 2522 519 2558 Policrat.
549 2517 708 2555 Memini,
737 2515 809 2555 ait,
837 2529 882 2549 me
905 2514 1020 2561 audiffe
1042 2519 1108 2549 Ro-

349 2585 478 2608 manum
496 2568 680 2614 Pontificem
700 2568 831 2613 solitum
849 2567 989 2602 deridere
1009 2569 1109 2601 Lum-

1132 285 1168 320 A
1207 282 1344 327 bardos,
1371 282 1497 324 dicens,
1524 295 1574 317 eos
1600 281 1725 318 pileum
1749 280 1892 317 omnibus
1911 283 1974 317 col-

1204 333 1404 381 loquentibus
1423 334 1527 378 chere
1545 334 1560 382 (
1572 332 1700 370 cavarsl
1724 333 1752 371 il
1772 334 1970 382 Cappello)

1205 398 1237 418 eo
1263 388 1345 433 quod
1374 385 1409 420 in
1434 385 1560 427 ‚exordio
1595 385 1745 420 difflionis
1780 385 1974 420 benevolen-

1206 436 1286 470 tiam
1311 446 1460 481 captent.
1496 435 1619 484 Usque
1646 436 1688 472 ad
1717 435 1823 472 finem
1851 434 1970 472 seculi

1208 488 1288 523 XV.
1326 486 1447 523 saltem
1490 488 1580 535 apud
1628 488 1851 533 Presbyteros
1893 486 1972 523 usus

1207 538 1340 583 Caputii
1368 538 1570 585 perduravit
1588 564 1596 573 .
1634 536 1794 574 Circiter
1822 540 1970 574 Annum

1210 589 1629 623 MCCCCLxxxvm.
1652 590 1772 624 Petrus
1789 591 1971 635 Cymaeus

1208 637 1394 681 Sacerdos,
1435 647 1474 674 ut
1501 638 1546 673 est
1583 638 1621 675 in
1662 639 1818 675 Historia
1854 639 1972 676 Corfi-

1206 701 1265 724 cae
1293 689 1334 723 ab
1377 701 1418 724 eo
1447 688 1596 736 scripta,
1634 699 1740 736 atque
1767 689 1862 724 edita
1889 693 1968 726 To·-

1210 752 1268 774 mo
1297 741 1431 775 XXIV.
1462 742 1541 775 Rer.
1570 739 1747 782 halicarn,
1777 739 1900 776 anfion·
1926 741 1972 778 est

1210 791 1322 826 Libro
1352 793 1436 834 IV.‚
1464 790 1502 826 in
1530 789 1563 826 se
1590 799 1761 826 armatum
1791 790 1973 829 hominem

1210 840 1393 881 infiliiss'e,
1431 849 1536 889 atque
1563 855 1578 875 e
1606 845 1693 877 domo
1724 841 1845 886 summo
1880 856 1972 878 mane

1207 892 1365 936 faHurum
1392 905 1453 926 rem
1489 892 1638 926 divinam
1674 903 1861 936 exeuntem,
1891 893 1972 935 stri-

1211 942 1260 976 ἑῗο
1289 942 1373 987 ferro
1408 946 1552 977 adortum
1587 941 1643 987 effe
1656 956 1677 986 ;
1712 942 1825 990 ipsum
1853 952 1972 979 autem

1211 995 1351 1041 Capuceo
1378 993 1535 1040 (babitus
1570 993 1633 1037 est,
1670 1006 1759 1040 quem
1793 995 1975 1029 sacerdotes

1206 1044 1300 1088 super
1335 1046 1494 1078 humerum
1525 1044 1662 1092 serunt)
1698 1044 1809 1079 circum
1846 1045 1974 1079 laevum

1212 1094 1372 1130 brachium
1401 1095 1515 1128 intorto
1529 1118 1539 1133 ,
1567 1105 1603 1129 ut
1629 1108 1661 1129 eo
1685 1105 1741 1141 pro
1764 1096 1849 1138 scuto
1874 1105 1976 1129 utere-

1212 1156 1289 1186 tur,
1317 1144 1445 1180 hostem
1474 1143 1640 1191 repuliffb.
1667 1145 1773 1190 Quod
1801 1145 1909 1181 etiam
1937 1158 1976 1180 a-

1213 1196 1565 1238 nimadvertendum,
1593 1196 1793 1231 Sacerdotes
1821 1195 1912 1231 olim
1935 1195 1974 1231 in

1213 1247 1393 1294 publicum
1422 1247 1608 1295 prodibant
1632 1256 1736 1295 atque
1764 1246 1975 1284 incedebant

1214 1298 1380 1346 palliati,
1418 1311 1497 1333 cum
1535 1298 1672 1344 caputio
1712 1296 1811 1339 super
1850 1296 1977 1334 hume-

1213 1362 1292 1387 ros,
1320 1362 1358 1383 ae
1386 1349 1510 1383 Bv‘retto
1537 1347 1575 1382 in
1604 1347 1743 1396 capite,
1773 1360 1843 1383 non
1872 1359 1976 1384 uten-

1213 1408 1263 1433 tes
1294 1398 1413 1436 Pileo,
1451 1399 1503 1433 uti
1542 1397 1670 1433 Laici.
1707 1399 1834 1443 Qualis
1861 1399 1972 1434 etiam

1213 1446 1302 1484 foret
1339 1450 1447 1483 Anno
1488 1449 1748 1483 Mcccxxx.
1792 1449 1975 1494 Presbyte-

1213 1512 1330 1534 rorum
1373 1498 1512 1534 habitus
1549 1497 1730 1534 Ticinenfi
1770 1497 1806 1534 in
1845 1499 1974 1544 Urbe,

1215 1549 1331 1595 prodit
1353 1550 1562 1593 Anonymus
1585 1548 1626 1583 de
1650 1549 1796 1584 Laudib.
1824 1549 1974 1597 Papiae,

1214 1602 1333 1635 Tomo
1364 1602 1426 1634 XI.
1457 1601 1536 1634 Rer.
1574 1598 1727 1634 Italicar.
1765 1598 1858 1635 hisce
1897 1613 1976 1636 ver-

1214 1650 1293 1686 bis:
1333 1651 1484 1687 Incedunt
1512 1663 1612 1684 omnes
1639 1652 1820 1684 sacerdotes
1856 1651 1889 1684 in
1918 1652 1977 1686 ba-

1176 1716 1179 1721 ⁴
1215 1701 1285 1736 bitu
1321 1700 1465 1743 honesto,
1497 1701 1617 1744 scilicet
1644 1701 1850 1742 Ecclefiarum
1878 1705 1979 1736 Prae-

1215 1753 1275 1786 lan·
1290 1776 1300 1791 ,
1330 1753 1373 1786 Θ
1399 1751 1552 1786 Canonici
1577 1751 1780 1786 cathedralis
1797 1780 1807 1795 ‚
1835 1766 1888 1787 nec
1915 1766 1975 1787 non

1215 1803 1343 1849 quidam
1369 1802 1432 1838 alii
1456 1801 1609 1836 canonici
1636 1802 1678 1836 (9-
1702 1803 1873 1846 Capellam‘
1900 1816 1978 1837 non—

1217 1854 1300 1888 nulli
1327 1853 1548 1888 parochiarum
1575 1852 1684 1899 (idest
1715 1852 1887 1901 parochi)
1909 1866 1977 1887 cum

1216 1905 1377 1950 chlamyde
1413 1904 1540 1948 clausa,
1575 1904 1630 1937 vel
1665 1904 1807 1938 anterius
1842 1915 1976 1948 aperta,

1217 1969 1281 1989 cum
1314 1955 1450 1999 Caputt'o
1478 1967 1592 2001 magno
1625 1957 1778 2001 pendente
1811 1955 1876 2001 post
1907 1955 1980 2000 sca-

1215 2006 1330 2052 pulas,
1367 2006 1409 2039 (J
1436 2006 1561 2039 Biretto
1587 2005 1621 2039 in
1648 2006 1770 2052 capite,
1808 2004 1855 2044 ῤ’
1883 2006 1978 2040 bene-

1212 2057 1262 2099 sta
1283 2057 1452 2102 societate.
1489 2056 1560 2102 ‚Qui
1585 2059 1659 2090 verb
1682 2067 1759 2103 prae
1793 2065 1979 2102 paupertate

1155 2096 1183 2130 E
1219 2121 1278 2141 non
1313 2105 1436 2153 poffunt
1461 2106 1514 2140 boc
1544 2106 1670 2150 facere,
1706 2107 1834 2142 vadunt
1863 2108 1978 2149 saltem

1218 2172 1285 2193 cum
1312 2157 1461 2192 Tabardo
1486 2157 1606 2191 decenti
1632 2157 1676 2191 (9¹
1701 2158 1839 2204 Caputio
1865 2158 1898 2191 in
1926 2170 1979 2191 ca·

1217 2210 1284 2256 pite
1307 2219 1364 2252 per
1389 2208 1512 2241 modum
1538 2206 1698 2249 diversum
1717 2222 1737 2240 a
1761 2207 1889 2246 Laicis,
1917 2207 1979 2241 im-

1221 2273 1268 2294 mo
1303 2273 1324 2294 a
1359 2257 1465 2293 ceteris
1500 2257 1657 2301 clericis,
1691 2259 1746 2291 vel
1781 2257 1878 2291 etiam
1913 2269 1981 2292 cum

1223 2310 1366 2347 Biretto.
1395 2311 1460 2343 Nec
1484 2321 1630 2353 umquam
1648 2306 1718 2347 fine
1737 2309 1885 2342 Tabardo
1907 2318 1983 2354 pro-

1222 2362 1354 2399 cedunt,
1385 2358 1446 2399 nisi
1476 2358 1583 2402 forsan
1620 2357 1707 2392 intra
1741 2359 1886 2392 terminos
1915 2361 1983 2393 Pa-

1224 2412 1342 2446 rochiae
1371 2410 1449 2455 suae
1473 2422 1540 2442 cum
1573 2409 1648 2443 alba
1675 2411 1769 2443 Cotta
1806 2409 1839 2443 in
1875 2409 1984 2443 hume·

1226 2463 1268 2497 ris
1285 2486 1295 2502 ,
1332 2461 1413 2508 quod
1443 2460 1475 2493 ln
1503 2459 1614 2494 Gallia
1640 2459 1904 2503 superpelliceum
1931 2459 1985 2493 di-

1225 2515 1331 2549 citur.
1357 2510 1470 2547 Addit
1497 2511 1530 2546 ἃ
1559 2509 1643 2545 ista:
1672 2510 1818 2553 Nullus,
1855 2509 1918 2551 m'fi
1936 2509 1984 2551 fit

1229 2565 1264 2601 in
1289 2563 1451 2612 dignitate
1476 2561 1684 2605 constitutus,
1709 2561 1765 2596 vel
1791 2561 1895 2607 aliqui
1921 2563 1987 2595 ζα»

1827 2625 1885 2646 non
1891 2611 1930 2646 iet
