2206 3131
256 197 314 251 ες
533 193 902 240 DISSERTATIO
932 192 1396 251 VJGESJMAQUJNC
1407 196 1507 239 TA.
1724 202 1782 242 86

195 253 237 289 de
272 253 396 293 restat,
440 263 483 290 ut
523 254 750 303 agnoscamus
791 254 929 290 tandem
949 282 958 298 ‚
984 257 1029 290 ῐΑ
1069 261 1149 302 gata
1177 254 1298 288 tabula
1326 252 1474 292 docuit,
1502 268 1594 290 nunc
1621 269 1744 294 omnes
1772 269 1835 293 nos

194 304 380 341 inventum
421 304 624 342 Tibialium
668 305 862 341 nostrorum
900 305 959 340 de-

195 355 270 393 beri
311 355 445 392 Seculis
486 356 729 405 posterioribus
760 383 768 392 .
813 356 958 391 Nullius

194 405 331 456 negotii
358 419 412 443 ars
439 420 531 443 nunc
559 408 622 443 illa
665 408 768 443 nobis
797 406 958 446 videtur,

194 457 287 506 quod
323 470 400 494 eam
428 459 526 494 nulla
555 472 664 508 poene
701 458 828 494 mulier
855 457 957 506 igno—

193 518 267 545 ret.
296 510 428 545 Verum
456 509 617 546 invenire
645 509 753 558 ipsam
781 509 957 558 primum,

193 559 338 596 arduum
381 561 483 608 plane
522 560 616 600 fuit,
659 574 767 609 quum
809 560 956 596 difficile

194 610 398 648 hominibus
449 611 662 648 succurreret
711 611 802 648 ratio
853 612 957 647 effor-

193 662 313 698 mandi
342 662 590 699 continuatum
619 662 816 702 sacculum,
846 672 884 698 ut
906 663 956 698 ita

192 712 330 753 dicam,
367 713 459 762 spiffi
487 715 571 750 retis
599 714 640 750 ad
669 714 795 757 instar,
833 727 876 749 ex
905 715 956 748 la-

193 776 260 799 neo
279 792 288 807 ‚
317 764 435 807 lineo,
469 774 529 800 aut
557 764 685 800 sericeo
713 763 797 804 filo,
826 764 886 811 qui
916 762 956 798 si-

194 815 270 851 mul
290 814 396 850 tibias
418 815 504 851 bene
524 815 751 854 convestiret‚
779 814 956 863 frigusque

192 874 346 910 arceret,
383 876 488 914 atque
525 867 576 902 ita
617 866 649 902 se
690 867 784 902 ultro
827 879 869 902 ex
899 866 955 901 sua

192 916 344 953 laxitate
380 930 458 953 cum
499 917 598 953 tibiis
627 927 874 959 componeret,
916 926 955 952 ut

191 967 286 1003 nihil
323 981 365 1004 ex
402 982 519 1004 earum
559 968 732 1004 venustate
768 966 805 1003 &
843 941 987 1006 formali

193 1017 386 1066 deperiret.
439 1019 634 1055 Difficilius
674 1019 781 1054 etiarn
824 1018 953 1066 caligas

191 1066 282 1117 ipsas
309 1069 346 1105 in
376 1071 532 1106 textrino
561 1069 750 1106 conficere:
782 1069 873 1116 quod
901 1079 952 1104 ta-

192 1132 273 1156 men
304 1119 480 1168 postremis
502 1120 593 1157 hisce
615 1120 832 1167 temporibus
853 1120 951 1155 adin-

191 1181 338 1208 ventum
368 1172 403 1207 in
434 1172 492 1208 usu
521 1172 585 1208 esse
613 1173 754 1221 coepit.
782 1173 869 1207 Sunt
897 1170 952 1206 in-
982 1181 1030 1219 ic

191 1235 335 1260 numera
364 1223 433 1259 alia
461 1223 629 1270 inventa,
665 1237 754 1272 quae
781 1222 822 1258 ad
850 1221 953 1258 instar
981 1218 985 1259 Ι

192 1274 278 1320 ovi,
305 1273 400 1322 quod
427 1275 624 1312 columbus
650 1274 733 1311 stare
770 1274 808 1310 in
845 1273 958 1309 laevi·
984 1277 990 1319 l

1068 303 1257 346 novimus,
1286 315 1397 351 neque
1426 305 1609 340 tantillum
1639 308 1835 352 miramur,

1068 363 1103 390 at
1142 354 1182 390 ad
1221 353 1474 390 inveniendum
1517 356 1667 404 impares
1708 361 1741 393 δε
1771 373 1833 395 nos

1067 405 1157 441 olim
1186 404 1382 441 fuissemus.
1409 407 1507 451 Quid
1529 407 1676 443 obvium
1702 410 1833 457 magis,

1068 457 1174 505 quum
1202 458 1347 503 Staffize,
1376 455 1444 491 sive
1471 460 1622 505 Stapea'es
1639 484 1650 498 ,
1678 461 1836 505 ,ς’ταρὶαε,

1069 521 1108 543 ac
1135 509 1315 555 stapedae‚
1344 521 1490 556 quarum
1519 523 1584 558 ope
1613 523 1705 546 nunc
1731 509 1835 547 facile

1068 559 1106 594 in
1147 572 1276 607 equum
1319 558 1515 600 insilimus,
1559 559 1596 597 &
1636 560 1670 596 in
1707 562 1834 609 quibus

1067 610 1304 658 equitantium
1335 610 1436 658 pedes
1465 611 1648 648 consistunt
1675 613 1709 648 &
1733 612 1834 661 quie-

1068 660 1190 697 scunt?
1234 663 1442 710 Ignorarunt
1483 663 1622 711 antiqui
1653 664 1834 704 Romani.

1068 722 1106 748 ut
1152 725 1256 747 nemo
1306 725 1397 748 nunc
1445 714 1674 751 Eruditorum
1704 724 1833 764 negat.

1068 764 1130 799 Eis
1158 763 1247 799 saltu
1276 762 1455 799 ascendere
1484 778 1590 813 equos
1618 779 1705 814 opus
1735 765 1832 810 fuit,

1068 824 1127 850 aut
1155 814 1293 863 lapide,
1328 814 1395 850 five
1424 814 1539 864 stipite
1567 817 1641 852 alto
1670 830 1731 865 pro
1759 816 1832 853 sca·

1067 866 1100 901 la
1129 866 1205 909 uti,
1247 875 1308 900 aut
1335 870 1506 902 stratorem
1537 867 1726 908 adhibere,
1768 867 1832 916 qui

1069 918 1108 952 ad
1139 916 1367 952 scandendum
1398 930 1526 965 equum
1547 918 1736 955 auxiliares
1758 931 1833 954 ma-

1069 981 1132 1003 nus
1160 968 1355 1014 praeberet.
1388 969 1539 1004 Pendula
1568 969 1706 1018 insuper
1733 982 1834 1005 crura

1069 1032 1107 1053 ac
1136 1018 1236 1066 pedes
1273 1019 1308 1053 in
1351 1020 1456 1067 longa
1487 1020 1708 1067 equitatione
1736 1020 1835 1056 dole-

1071 1069 1173 1107 bant,
1203 1078 1369 1116 erantque
1398 1070 1530 1105 morbis
1559 1070 1740 1106 nonnullis
1769 1071 1835 1107 ob-

1072 1120 1176 1155 noxia
1191 1146 1199 1155 .
1227 1119 1518 1167 Subsequentium
1535 1122 1759 1157 saeculorum
1776 1121 1834 1157 in-

1070 1170 1193 1206 dustria
1231 1170 1401 1219 ejusmodi
1440 1170 1625 1208 subsidium
1662 1173 1695 1208 8<
1733 1185 1834 1208 com·

1071 1222 1238 1266 modurn,
1275 1235 1314 1257 ac
1350 1232 1425 1259 tam
1461 1222 1560 1260 facili
1596 1232 1692 1269 arte,
1727 1224 1833 1261 nobis

1070 1273 1224 1322 peperit.

1103 2570 1185 2606 1²2
1678 2570 1773 2607 DE
