2206 3131
389 241 440 282 55
673 220 1638 284 ANTIQUIT.MED11AEV1
1856 228 1917 284 '55‘

317 283 446 326 stabant
471 283 582 319 circum
606 283 686 319 eirea
711 285 831 321 difium
859 287 998 334 ignem,
1033 287 1079 326 (9⁹

319 336 368 371 ibi
385 333 492 379 fiebat
516 348 664 382 coqmna.
692 339 739 371 Ec
765 340 839 373 vidi
866 353 928 373 meo
947 350 1080 385 tempore

318 385 352 419 in
376 386 521 432 pluribus
547 387 707 424 domibus.
748 389 812 424 sed
857 390 909 425 his
938 390 1078 426 tandem

317 434 465 472 dimiffis
492 437 691 473 Gualvanei
718 440 953 476 narrationem
982 455 1079 489 repe-

317 495 453 527 tamus,
484 488 545 535 qui
576 488 762 526 Ricobaldi
791 492 906 527 verbis
933 491 1016 528 haec
1037 492 1078 529 de

317 536 378 574 suo
407 551 496 586 penu
524 539 674 588 adjecit:
704 544 798 576 Nunc
823 556 896 576 vero
923 543 957 576 in
982 554 1074 586 prae-

310 588 398 634 senti
425 599 527 623 aetate
563 590 674 637 priscis
699 591 836 628 moribus
874 594 1079 640 superaddita

309 639 389 685 Junt
416 640 516 675 multa
542 644 588 675 ad
610 643 776 686 perniciem
803 644 980 679 animarum
1003 644 1078 679 irri-

317 700 478 726 tamenta.
519 694 605 726 Nam
640 693 735 736 vestis
769 695 811 737 est
836 695 990 740 pretiosa,
1032 694 1078 733 &a

316 739 436 784 arttfi
425 754 453 774 ιο
492 742 663 789 exqtct’st'w,
704 744 751 783 ζῷ’
786 756 899 780 ornatu
921 745 1079 791 superfluo

317 791 511 827 circumteffa
535 805 591 840 per
616 805 734 832 totum.
776 800 813 831 In
841 796 916 844 ipsis
942 797 1078 839 vestibus

317 852 384 877 tam
418 843 559 878 virorum
595 848 690 892 quam
725 848 914 887 mulierum,
942 861 1079 887 aurum,

317 905 508 938 argentum,
534 899 638 941 perlae
666 898 864 941 inseruntur.
901 900 1002 934 Frixa
1030 901 1077 933 la-

316 942 433 989 ttffima
472 946 612 986 vestibus
648 948 954 995 superinducuntur.
998 952 1081 983 Vina

315 996 481 1040 peregrina
520 998 563 1031 (9⁶
598 1000 636 1033 de
670 1000 815 1046 partibus
860 1000 1082 1034 ultramarinis

318 1043 489 1081 bibuntur.
517 1047 652 1084 Cibaria
679 1051 784 1085 omnia
804 1051 882 1094 sunt
905 1050 1081 1094 sumtuosa.

318 1096 474 1141 Magistri
509 1099 655 1145 coquinae
691 1100 724 1134 in
752 1114 865 1146 magno
898 1101 998 1145 pretio
1024 1102 1082 1136 ha-

317 1147 450 1182 hemor.
476 1150 639 1185 Avaritia
665 1152 810 1186 militat.
840 1152 924 1186 Hinc
950 1152 1081 1195 usurae,

317 1196 390 1231 binc
411 1198 561 1242 fraudes,
603 1202 676 1237 hinc
714 1202 923 1236 innocentium
959 1202 1080 1250 oppres-

309 1245 413 1288 fiones
439 1261 639 1288 exercentur.
678 1255 756 1288 Inde
781 1256 896 1288 Seneca
925 1253 958 1287 in
985 1254 1081 1288 Libro

314 1299 592 1334 Exclamationum
630 1302 644 1349 (
669 1317 732 1350 pro
770 1307 817 1339 De
807 1305 1043 1338 clamationum
1067 1305 1079 1351 )

309 1347 357 1389 fic
381 1360 455 1383 ast:
496 1352 532 1384 In
559 1353 697 1386 deterius
731 1354 869 1399 quotidie
897 1355 965 1388 &aa
994 1368 1081 1401 quae

315 1397 434 1435 eadem
474 1402 594 1437 Frater
631 1402 835 1439 franciscus
872 1403 1016 1449 Pipinus
1045 1403 1081 1438 in

316 1448 378 1484 1υο
415 1450 598 1488 Chronico
639 1452 764 1494 refert
806 1452 845 1490 &
884 1467 948 1501 ego
976 1454 1081 1489 retuli

319 1499 418 1545 supra
446 1501 483 1536 in
512 1513 789 1550 praememorata
830 1504 1083 1541 Differtatione

320 1552 455 1586 XXIII.

368 1599 539 1638 Ceterum
568 1602 672 1641 facile
700 1604 791 1641 mihi
820 1604 937 1646 foret,
966 1605 1081 1641 nomi-

320 1665 364 1688 na
393 1652 548 1689 Vestiam
587 1656 726 1703 aliquot
757 1669 965 1705 congerere,
995 1670 1083 1704 quae

320 1703 511 1740 barbaricis
540 1707 672 1742 Seculis
700 1721 718 1742 a
745 1707 867 1744 Laicis
903 1707 1083 1745 usurpatae

321 1752 482 1791 fuerunt.
511 1756 574 1792 sed
604 1770 748 1800 vereor,
775 1766 815 1793 ut
843 1758 930 1794 mihi
960 1757 1083 1793 aliisve

322 1817 430 1851 aeque
459 1805 561 1842 facile
590 1806 630 1843 fit
660 1808 860 1844 eorumdem
899 1808 1083 1844 indumen-

322 1862 439 1890 torum
469 1855 618 1894 formam
652 1859 832 1894 tolerabili
868 1860 987 1907 aliqua
1022 1873 1083 1895 ex-

323 1906 518 1953 plicatione
543 1909 762 1958 exprimere3
789 1923 894 1956 quum
922 1924 993 1945 non
1020 1924 1083 1946 no-

322 1955 397 1992 stris
426 1959 563 1995 tanturn
601 1961 840 2009 temporibus,
876 1960 931 1996 sed
964 1963 999 1996 &
1026 1975 1083 1997 ru-

320 2006 420 2043 dibus
445 2008 668 2057 (quanquam
695 2024 786 2047 nunc
815 2013 920 2058 longe
954 2011 1082 2047 intem—

319 2060 499 2104 perantius
528 2074 631 2108 quam
662 2063 777 2110 tunc)
814 2063 954 2098 novitas
984 2062 1083 2109 (five

318 2108 352 2142 la
381 2111 510 2157 Mada)
548 2112 731 2148 hominum
770 2113 937 2148 amic‘stum
975 2113 1083 2149 nimis

320 2158 458 2195 varium
487 2162 521 2195 &
549 2163 799 2199 inconstantem
827 2164 1003 2209 effecerit,
1031 2164 1082 2200 ita

321 2216 361 2244 ut
388 2211 496 2246 etiam
525 2213 703 2249 cultellatas
731 2214 857 2259 vestes
892 2215 975 2250 idest
1002 2214 1082 2250 scis-

322 2257 408 2295 suris
435 2262 557 2298 multis
585 2265 772 2301 artificiose
797 2264 835 2302 δι
859 2266 1054 2302 consulto
1044 2279 1080 2300 in

322 2322 477 2359 pannum
515 2312 699 2358 induciis,
737 2316 972 2354 reperiamus.
1016 2317 1081 2352 Di-

322 2373 398 2398 cam
428 2373 545 2400 tamen
574 2366 717 2412 aliqua.
750 2368 918 2412 Hyemali
944 2378 1083 2415 ternpo-

321 2425 358 2448 re
383 2414 470 2449 olim
500 2416 538 2451 in
566 2416 626 2451 usu
652 2417 766 2456 fuere,
791 2431 878 2465 quae
904 2433 995 2455 nunc
1019 2433 1082 2454 vo-

323 2474 447 2500 cantur
481 2467 655 2503 Sela-vinae
694 2468 827 2507 vestes,
869 2471 952 2506 idest
988 2469 1083 2516 byrri

321 2514 461 2560 villosi,
499 2517 551 2554 ita
577 2521 795 2568 appellatae,
823 2522 915 2568 quod
943 2536 961 2557 a
990 2524 1083 2556 Scla-

321 2565 377 2603 vis
407 2568 551 2619 Populis
578 2570 855 2607 conficerentur.
883 2574 948 2609 Eas
975 2576 1085 2610 Grae-

1117 286 1152 322 A
1202 285 1236 322 ci
1267 285 1491 335 appellabant
1526 290 1728 329 ἁμφιμαλλκς,
1761 288 1972 334 Amphimat-

1202 339 1277 372 los:
1312 347 1416 385 atque
1444 338 1563 373 eadem
1603 350 1687 373 voce
1716 337 1891 374 interdum
1923 340 1971 377 ufi

1203 388 1281 424 sunt
1314 388 1461 425 Latini.
1497 388 1602 438 Apud
1639 389 1850 438 Gregorium
1888 389 1972 426 Ma-

1202 452 1309 487 gnum
1347 439 1429 476 Lib.
1472 452 1525 478 12.
1563 440 1707 488 Epistol.
1741 452 1803 488 47.
1840 441 1972 490 legitur

1202 491 1448 534 Amphimalum
1466 492 1624 527 tunicam.
1654 493 1809 528 Inditum
1831 492 1876 528 iis
1904 492 1971 529 hoe

1205 553 1333 576 nomen
1378 542 1561 581 creditur,
1603 542 1696 590 quod
1737 557 1780 578 ex
1823 553 1970 591 utraque

1205 601 1300 638 parte
1329 591 1476 626 villosae
1503 591 1643 628 forent.
1681 593 1822 639 Saepius
1850 603 1972 630 tamen

1204 641 1346 676 Latinis
1374 640 1535 689 usurpata
1563 642 1607 677 est
1636 657 1705 678 vox
1732 644 1970 690 Amphibalos‚

1204 701 1242 726 ut
1271 691 1316 727 est
1355 691 1391 727 in
1421 693 1508 728 Vita
1538 693 1653 728 Sanffi
1695 693 1848 728 Martini
1886 694 1971 730 scri-

1205 751 1262 790 pta
1299 756 1318 777 a
1346 742 1505 790 Sulpicio
1533 745 1660 779 Severo
1678 744 1861 792 Dialogor.
1886 744 1971 780 Lib.

1206 804 1239 828 2.
1266 791 1356 841 Cap.
1387 793 1529 841 primo,
1566 792 1605 830 &
1640 793 1728 840 apud
1756 795 1970 843 Gregorium

1205 844 1472 884 Turonensem,
1510 847 1742 880 Fortunarum
1781 843 1819 880 &
1853 845 1969 882 alios.

1207 896 1317 929 Birrhi
1343 908 1483 942 quoque
1511 908 1581 930 non
1609 897 1687 931 raro
1714 906 1900 931 occurrunt
1930 897 1968 931 in

1205 946 1431 992 antiquorum
1464 946 1584 981 Libris
1602 972 1611 981 .
1648 945 1785 993 Species
1813 949 1971 980 Lacernae

1205 995 1322 1040 fuere,
1349 995 1414 1031 rufi
1443 996 1594 1035 coloris,
1623 994 1762 1044 pretiofi
1789 995 1968 1032 interdum

1206 1046 1339 1093 panni,
1375 1046 1430 1082 sed
1458 1046 1590 1093 saepius
1618 1046 1816 1082 communis
1845 1059 1883 1082 ac
1912 1047 1968 1082 vi—

1205 1098 1272 1132 lis.
1310 1097 1475 1142 caputia,
1513 1096 1582 1133 five
1618 1098 1802 1140 cucullos,
1840 1096 1969 1134 Birrho

1207 1147 1413 1196 conjumstos
1450 1147 1574 1183 habere
1611 1157 1744 1183 veteres
1782 1147 1972 1183 consueve-

1205 1207 1315 1234 runt.
1361 1201 1411 1235 De
1454 1198 1774 1234 Mediolanenfibus
1815 1197 1969 1234 Clericis

1206 1248 1375 1285 scribebat
1400 1249 1543 1285 circiter
1566 1251 1711 1285 Annum
1738 1251 1969 1285 MLXXXV.

1206 1300 1434 1346 Landulphus
1468 1300 1607 1343 senior,
1647 1302 1768 1336 Tomo
1796 1301 1859 1335 IV.
1891 1302 1970 1336 Rer.

1205 1351 1361 1386 Italicar.
1389 1364 1464 1398 pag.
1492 1363 1552 1398 93.
1590 1352 1710 1385 Nullus
1735 1351 1804 1391 sine
1831 1352 1971 1386 candida

1205 1411 1278 1446 toga
1306 1401 1427 1446 (nunc
1454 1403 1574 1447 Cotta)
1602 1401 1736 1434 Chorum
1765 1402 1885 1437 intrare
1910 1414 1971 1436 au·

1204 1450 1331 1485 debat:
1360 1451 1468 1485 nullus
1493 1450 1560 1490 fine
1585 1451 1722 1497 Caputt'o
1749 1452 1841 1486 Birri
1871 1451 1973 1498 capite

1204 1501 1310 1535 velato
1330 1503 1448 1535 intrare
1468 1502 1603 1535 Cborum
1623 1503 1779 1536 audebat.
1808 1502 1863 1536 Ad
1886 1501 1971 1537 haec

1205 1550 1320 1586 censet
1350 1550 1539 1598 Menagius
1571 1552 1606 1586 in
1638 1551 1779 1599 Origin.
1806 1551 1970 1600 Linguae

1205 1601 1381 1640 Italicae,
1417 1602 1522 1637 vestes
1560 1603 1747 1637 muliebres
1784 1602 1826 1637 ab
1865 1602 1967 1638 Italis

1203 1652 1394 1699 appellatas
1423 1653 1510 1688 olim
1540 1656 1749 1692 Gammurre,
1784 1666 1869 1699 quas
1896 1651 1968 1689 Hi-

1207 1701 1303 1749 spani
1331 1702 1451 1738 dixere
1487 1706 1644 1737 Zamam
1671 1703 1791 1747 (unde
1824 1703 1868 1739 est
1907 1703 1972 1739 ho-

1205 1752 1364 1787 diernum
1392 1753 1540 1788 nostrum
1563 1755 1739 1801 Zimarra)
1762 1768 1888 1790 nornen
1913 1768 1971 1790 ac·

1206 1803 1328 1850 cepisse
1360 1804 1401 1839 ab
1438 1805 1554 1840 eadem
1588 1818 1673 1841 voce
1699 1805 1968 1851 Amphimallus.

1204 1854 1294 1899 Quis
1324 1868 1489 1902 umquam
1518 1855 1658 1891 credat?
1696 1856 1788 1891 Vide
1827 1855 1968 1902 potius,

1205 1918 1287 1940 num
1316 1919 1334 1941 e
1361 1906 1507 1950 Gamo,
1543 1920 1631 1954 quae
1667 1921 1686 1942 a
1716 1907 1966 1954 Neapolitanis

1205 1955 1336 1992 dicitur
1354 1959 1510 1997 Gammo,
1531 1957 1683 1993 derivari
1705 1958 1860 2006 potuerit
1883 1957 1968 1994 haee

1208 2008 1421 2052 appellatio,
1450 2008 1540 2054 quod
1569 2022 1628 2045 eae
1657 2009 1762 2045 vestes
1790 2021 1888 2044 crura
1914 2017 1969 2043 te-

1206 2068 1354 2105 gerenr;
1392 2069 1451 2094 aut
1488 2073 1530 2094 an
1572 2074 1614 2096 ex
1655 2058 1872 2107 Hispanstfi,
1911 2058 1968 2095 seu

1206 2109 1357 2144 Arabica
1387 2110 1526 2156 Lingua
1562 2124 1599 2145 ea
1630 2124 1699 2145 vox
1728 2109 1966 2145 descenderit.

1206 2159 1444 2206 Temporibus
1483 2160 1612 2208 pariter
1648 2160 1722 2196 illis
1759 2160 1966 2196 indumenta

1206 2211 1239 2244 &
1269 2210 1374 2256 panni
1403 2220 1521 2249 erant,
1556 2224 1704 2255 quorum
1733 2210 1878 2245 nomina
1906 2217 1967 2246 aut

1206 2259 1311 2308 usque
1339 2260 1378 2296 ad
1408 2274 1470 2296 nos
1501 2261 1751 2304 perdurarunt,
1787 2270 1847 2296 aut
1874 2260 1968 2295 resu-

1207 2310 1328 2346 scitata
1375 2325 1460 2346 aevo
1504 2311 1616 2347 nostro
1658 2311 1776 2347 fuere.
1823 2310 1968 2347 sanans

1207 2362 1419 2403 Bernardus.
1441 2360 1479 2398 &
1502 2364 1621 2398 Petrus
1638 2362 1860 2397 Veneraleis
1880 2365 1968 2397 Bar-

1207 2427 1353 2449 racanum
1370 2440 1379 2456 ,
1416 2414 1522 2462 panni
1549 2427 1654 2462 genus
1671 2439 1682 2454 ‚
1714 2413 1808 2461 quod
1836 2425 1966 2448 nomen

1207 2465 1398 2501 retinemus
1413 2489 1423 2505 ‚
1451 2475 1754 2514 commemorant;
1784 2465 1969 2511 multoque

1208 2516 1297 2552 illud
1326 2516 1360 2552 in
1390 2516 1522 2552 honore
1549 2527 1633 2552 tunc
1660 2526 1759 2552 erat.
1796 2516 1968 2552 Arabicae

1205 2567 1357 2619 originis
1391 2581 1521 2606 nomen
1558 2568 1627 2606 hoc
1663 2567 1827 2605 videtur.
1863 2572 1971 2615 Joan-

1879 2634 1920 2659 nl
