2206 3131
378 268 452 307 131
645 244 1084 302 ANTIQUIT.
1136 243 1385 287 MEDII
1429 243 1622 286 AEVI
1816 260 1897 301 132

312 324 407 360 gram
428 334 437 347 ,
468 308 633 344 hortante
659 305 698 343 &
725 314 871 355 rogante
899 304 974 353 ipso
1001 307 1076 341 Lo-
1111 305 1147 339 A
1191 303 1480 352 Angustissimum
1547 300 1729 338 Caesarem
1803 305 1960 340 CARo-

312 360 430 395 thario
476 358 655 407 Auguste,
707 355 935 392 aedificavit.
987 357 1076 391 Rem
1191 358 1306 392 LUM
1350 357 1413 391 VI.
1458 355 1616 391 Nuntius
1654 367 1745 390 nunc
1783 356 1815 390 S.
1845 356 1887 389 R.
1915 357 1956 391 E..

313 410 438 446 multis
474 419 591 446 narrat
627 408 664 444 in
701 408 774 457 ejus
816 408 904 443 Vita
931 406 1076 443 Anasta·
1191 407 1416 443 Cardinalis.
1459 408 1506 441 Et
1543 405 1711 453 quoniam
1740 404 1833 441 inter
1859 405 1958 441 edita

313 461 399 501 iius,
435 462 470 497 &
507 474 550 496 ex
578 472 619 495 eo
647 458 848 496 Cardinalis
884 458 1076 499 Baronius.
1192 459 1351 506 exempla
1373 486 1383 499 ‚
1430 458 1465 493 ὃ(
1511 456 1725 493 Paffioneum
1778 455 1957 494 Codicem

314 511 504 560 Turrigius
531 511 569 546 in
597 509 679 546 Lib.
699 510 741 546 de
762 509 891 558 Crypt.
912 510 1076 544 vatican.
1193 508 1380 544 discrimen
1421 522 1492 544 non
1539 522 1646 544 unum
1690 507 1927 544 animadverti
1948 534 1959 552 ,

312 576 388 612 pag.
413 575 526 609 404,
571 562 606 596 &
653 560 851 608 Aringhius
896 560 934 595 in
964 561 1076 594 Roma
1195 560 1292 608 juvat
1329 560 1392 594 illa
1429 559 1542 595 rursus
1587 559 1775 607 producere
1803 560 1840 594 in
1871 561 1960 594 Eru-

312 613 531 649 subterranea
560 612 642 648 Lib.
666 624 698 648 2.
729 611 820 659 Cap.
842 612 877 647 8.
904 608 1076 646 Carmina
1195 610 1289 645 ditae
1309 610 1422 653 gentis
1441 610 1688 644 commodum.
1719 610 1872 645 Primam
1898 609 1959 645 In-

313 676 488 699 marmore
523 663 612 698 olim
649 662 817 710 inscripta
858 660 898 696 ad
942 673 1077 696 memo·
1196 659 1423 708 scriptionem
1453 659 1649 708 Aringhius
1679 659 1823 708 positam
1859 660 1959 696 fuisse

314 714 404 750 riam
451 714 614 750 conditae
661 714 843 749 Leoninae
881 710 1014 751 Urbis,
1059 724 1077 746 e
1196 710 1246 745 ait
1267 710 1366 755 supra
1403 714 1530 744 Portam
1569 710 1673 751 Castri
1698 710 1814 744 sanJi
1840 716 1958 757 Ange-

316 766 423 801 Msto
465 763 601 800 Codice
635 763 773 808 hausta,
823 762 1077 811 prodiderunt.

315 816 446 851 Eadem
475 813 514 851 &
542 828 606 863 ego
633 814 756 863 excepi
783 814 874 850 olim
901 826 943 849 ex
966 814 1078 848 altero

314 865 474 906 Codice,
527 879 631 914 quem
687 865 776 900 mihi
833 862 1078 900 humanissime

317 916 561 952 commodavit
603 914 875 954 Illustriffimus‚
918 915 1078 962 mihique

317 968 361 1002 ob
390 966 611 1009 doarinam,
651 965 806 1014 aliasque
833 966 989 1014 egregias
1016 966 1079 1000 do-

316 1027 367 1053 tes
397 1018 528 1053 summe
560 1016 882 1060 commendandus,
912 1016 1079 1051 Domini-

319 1081 377 1104 ωε
421 1067 618 1104 Paffioneus
644 1094 654 1111 ‚
700 1065 738 1102 ὅ(
783 1056 1108 1113 Archiepiscopusi

317 1118 531 1168 Ephesinus,
580 1117 672 1154 olim
717 1117 944 1168 Apostolicus
990 1116 1113 1166 apudl
1152 1117 1167 1152 I

1116 756 1145 791 Β
1194 762 1245 800 li,
1283 775 1361 807 quae
1404 764 1501 795 Porta
1540 763 1655 795 Aenea
1694 759 1880 801 dicebatur,
1918 761 1964 794 Θ·

1195 811 1348 847 ἇάηὸἶωνι
1376 815 1503 846 Petrum
1531 811 1732 858 respiciebat.
1772 811 1962 860 Turrigius

1189 864 1288 907 supra
1336 866 1465 897 Portam
1511 863 1585 896 olim
1626 863 1821 909 appellatam
1849 861 1964 897 Sanfit'

1195 914 1306 953 Petri,
1327 913 1399 955 five
1426 913 1645 948 Leonianam.
1675 918 1714 948 ln
1743 914 1851 948 MSto
1882 911 1963 947 Pas-

1199 964 1314 998 sioneo
1355 963 1507 998 traditur
1543 962 1708 998 exstitisse
1748 967 1793 998 ad
1832 966 1967 997 Portam

1200 1014 1415 1050 Vtridariam.
1458 1016 1511 1049 En
1555 1013 1669 1061 qualis
1711 1013 1805 1051 edita
1847 1012 1918 1050 fuit
1946 1025 1966 1049 a

1198 1064 1393 1114 Turrigi0‚
1421 1063 1459 1101 &
1487 1064 1693 1114 Aringhio.

418 1245 511 1292 QVI
539 1245 688 1280 VENIS
715 1244 784 1280 AC
812 1244 985 1283 VADIS,
1013 1243 1172 1279 DECVS
1200 1242 1306 1277 HOC
1334 1241 1581 1277 ADTENDE
1611 1241 1824 1284 VIATOR‚

522 1321 668 1364 QVOD
694 1320 935 1364 QVARTVS
963 1319 1182 1354 STRVXIT
1211 1319 1358 1354 NVNC
1385 1319 1485 1354 LEO
1514 1318 1646 1352 PAPA
1676 1317 1867 1352 LIBENS.

420 1395 682 1431 MARMORE
711 1394 930 1429 PRAECISO
957 1394 1195 1428 RADIANT
1223 1393 1340 1428 HAEC
1368 1392 1610 1427 CVLMINA
1641 1392 1898 1431 PVLCHRA‚

521 1471 642 1516 QVJE
669 1471 897 1505 MANIBVS
925 1469 1181 1505 HOMINVM
1210 1468 1383 1503 FACTA
1415 1467 1612 1502 DECORE
1642 1466 1897 1502 PLACENT.

421 1547 637 1582 CAESARIS
665 1547 886 1583 INVICT1‚
914 1547 1058 1589 QVOD
1085 1544 1254 1579 ISTHIC
1281 1544 1480 1580 CERNIS‚
1510 1542 1799 1576 HONESTVM

526 1621 727 1656 PRAESVL
755 1621 1006 1660 TANTVM,
1033 1621 1177 1666 QVOD
1203 1618 1444 1653 TEMPORE
1471 1617 1640 1652 GESSIT
1658 1644 1668 1660 ‚
1695 1617 1832 1652 OPVS.

422 1698 592 1734 CREDO
620 1697 978 1732 MALIGNORVM
1007 1698 1100 1731 SVA
1130 1691 1405 1740 NVMQVAM
1432 1694 1600 1729 BELLA
1640 1693 1933 1729 NOCEBVNT.

524 1773 698 1818 NEQVE
725 1773 1024 1808 TRIVMPHVS
1052 1773 1171 1807 ERIT
1199 1771 1442 1807 HOSTIBVS
1468 1770 1644 1805 VLTRA
1674 1771 1788 1806 SVIS.

423 1850 571 1885 ROMA
599 1848 772 1884 CAPVT
799 1848 961 1888 ORBIS,
988 1849 1274 1887 SPLENDOR‚
1302 1848 1430 1890 SPES,
1458 1847 1631 1881 AVREA
1664 1846 1827 1890 ROMA,

526 1925 769 1961 PRAESVLIS
796 1925 868 1959 VT
893 1925 1180 1960 MONSTRAT
1208 1924 1276 1958 EN
1304 1923 1472 1959 LABOR
1502 1923 1651 1958 ALMA
1682 1920 1787 1958 TVI.

626 2000 832 2037 CIVITAS
859 2001 976 2036 HAEC
1004 2001 1037 2035 A
1067 2000 1376 2036 CONDITORIS
1403 2000 1480 2035 SVI
1508 1986 1716 2035 NOMINE

879 2077 1153 2113 LEONIANA
1182 2076 1442 2112 VOCATVR.

327 2186 450 2223 codex
488 2185 685 2223 Paffioneus
725 2185 777 2223 ita
805 2193 968 2235 quartum
996 2189 1087 2223 Ver·
1111 2186 1170 2224 ‘C‘
1195 2189 1282 2222 Sunt
1318 2184 1354 2221 ἃ
1384 2184 1463 2221 heic
1494 2182 1726 2232 incomposita
1760 2181 1960 2230 quaedam}

326 2236 424 2277 sum,
451 2239 485 2273 δι
512 2239 598 2273 duos
625 2239 803 2287 sequentes
830 2237 1006 2286 praefert:
1198 2240 1366 2272 Attamen
1397 2236 1542 2269 Letharii
1575 2233 1716 2281 Augusti
1757 2246 1883 2268 nomen
1914 2232 1961 2267 il-

1195 2288 1242 2323 lic
1270 2285 1476 2329 inscriptum
1507 2284 1626 2325 fuiffe,
1669 2297 1711 2319 ex
1750 2282 1826 2326 ipso
1865 2279 1963 2317 sensu

428 2342 522 2385 ‚Quae
549 2339 692 2375 manibus
718 2339 876 2375 bominum
908 2339 1007 2376 aufflae
1031 2342 1086 2375 de·
1194 2340 1329 2374 elucere
1367 2335 1493 2383 potest.
1542 2336 1702 2369 Alteram
1748 2332 1960 2376 Inscripvio-

481 2404 543 2425 core
568 2391 712 2436 placent.
1197 2402 1275 2425 nem
1305 2387 1411 2423 subdo
1438 2400 1455 2421 e
1477 2384 1668 2433 Turrigio,
1696 2385 1728 2419 8<
1760 2388 1811 2418 Ar
1829 2383 1962 2430 nghio·

379 2440 524 2486 Caesaris
571 2440 689 2475 inviffi
711 2467 722 2484 ‚
766 2444 847 2488 quod
895 2441 994 2478 cernis
1035 2441 1090 2484 iste
1193 2439 1296 2476 Illam
1336 2438 1460 2472 sodex
1507 2435 1702 2470 P.;ffioneus
1745 2436 1959 2469 ‹ollozatam

485 2494 720 2530 HLOTARI»
1195 2491 1244 2526 ait
1280 2493 1322 2524 ad
1359 2492 1487 2524 Portam
1528 2488 1647 2527 Urbis,
1679 2489 1789 2532 Juxta
1830 2485 1958 2519 Molem

431 2546 574 2577 Tantum
628 2542 759 2587 Praesul
808 2555 909 2578 ovans
959 2553 1090 2591 tempore
1197 2540 1384 2578 Hadriani.

479 2595 571 2639 geffit
597 2606 692 2639 opus.
1110 2559 1119 2683 Ι
1161 2590 1168 2678 Ι

384 2644 483 2679 Credo
509 2645 717 2692 malignorum
744 2642 805 2679 tibi
832 2657 999 2691 numquam
1020 2644 1088 2680 &aa

1827 2637 1911 2673 Ro-
