2206 3131
216 205 269 243 61

157 309 238 348 nis,
275 307 343 342 five
371 305 534 342 Arabicis
572 306 750 341 militibus
788 305 824 340 in
855 307 919 340 Be-

157 367 389 395 neventanam
430 357 608 406 regionem
637 358 760 392 seculo
788 355 919 391 Christi

160 411 222 445 IX.
250 407 373 444 accitis
401 407 484 443 haec
517 409 705 456 leguntur:
746 410 866 441 Horum
893 407 921 440 i-

161 460 323 505 m'quorum
341 460 462 506 primus
482 459 654 494 vocabatur
673 458 847 502 Alfonses‚
869 459 921 492 ob-

155 509 230 552 fitis
258 511 383 557 quidem
417 510 631 551 vestimentis,
668 509 711 543 (9¹
739 508 923 544 calciamen-

157 561 203 595 tis
219 588 229 604 ‚
251 561 366 605 saltem
393 574 445 595 nec
471 562 631 596 Tarabare
653 559 842 604 succidiis,
866 560 924 603 sed

154 611 233 657 solis
259 612 467 646 arundinibus
503 625 598 645 manu
630 610 811 657 gestantes.
851 612 923 646 Ne-

161 661 242 708 quit
270 671 386 697 tamen
416 675 485 697 vox
514 664 676 697 Tarabaro
710 660 747 697 id
785 660 921 709 expres-

163 712 256 755 sisse,
281 712 374 760 quod
401 712 511 760 postea
532 714 673 748 Tabarro
698 726 715 747 a
738 711 839 746 nobis
865 725 923 759 ap-

162 764 332 811 pellatum
355 761 442 798 fuit.
469 763 616 798 Proinde
638 761 924 798 occidentalium

163 814 379 861 Populorum
429 815 640 849 vocabulum
694 812 760 848 hoc
808 812 925 860 potius

164 862 370 899 censendum
405 863 469 899 est.
506 866 553 899 Et
590 864 667 900 sane
704 862 797 898 inter
832 864 926 899 anti·-

163 927 247 961 quas
275 928 377 950 voces
405 913 563 950 Celticas
591 929 608 950 a
653 913 859 951 Boxhornio
888 914 924 950 in

165 965 341 1000 Gloffario
365 965 560 1001 recensetur
579 966 685 1001 etiam
707 964 837 1005 Tabar,
858 968 924 1000 Tu-

163 1015 235 1049 nica
253 1019 365 1060 longa.
391 1016 452 1051 Sed
479 1016 541 1051 ille
565 1016 839 1054 animadvertit,
865 1015 923 1050 ad-

163 1065 230 1100 huc
257 1079 275 1100 a
302 1066 446 1108 Populis
471 1066 641 1102 saxoniae
667 1065 845 1102 inferioris
871 1066 925 1101 di-

163 1115 196 1151 ci
224 1116 273 1150 ein
305 1127 394 1163 groot
421 1119 579 1152 Debbert.
617 1119 661 1152 D.
701 1117 805 1166 preffe
843 1130 923 1165 pro-

162 1166 364 1202 nuntiatum
398 1168 517 1203 evadit
544 1170 590 1204 T.
619 1170 720 1214 Quae
753 1170 836 1203 vere>
865 1180 924 1203 ve—

164 1216 226 1252 stes
247 1217 290 1252 ab
309 1217 464 1266 antiquis
480 1218 646 1255 dicuntur
660 1220 782 1254 Giubbe
795 1246 802 1260 ,
821 1217 924 1253 Giub-

162 1269 262 1311 honi,
299 1269 485 1312 Giubbem’,
523 1270 746 1309 Giubberelli,
787 1269 923 1305 tunica-

164 1331 241 1354 rum
281 1318 468 1363 brevium,
506 1320 574 1355 five
610 1319 814 1356 Thoracum
852 1319 925 1367 spe-

166 1367 237 1404 cies
265 1368 431 1409 fuerunt,
468 1383 556 1417 quae
592 1369 653 1405 sub
680 1370 820 1405 Tunica
848 1371 925 1404 lon-

166 1418 265 1466 giore
306 1419 549 1455 deferebantur
573 1447 581 1455 .
631 1420 774 1465 Zippone
815 1418 926 1454 adhuc

164 1468 387 1504 Mutinenses
424 1472 632 1517 appellant.
675 1472 817 1505 Nomen
860 1469 926 1504 hoc

166 1517 314 1553 omnine»
349 1518 489 1554 videtur
524 1521 566 1555 ab
594 1520 753 1555 Arabum
791 1520 927 1564 Populo

166 1567 202 1604 in
242 1569 382 1604 ltaliam
421 1569 632 1605 inveElum.
672 1572 765 1606 Nam
803 1569 927 1605 Gollio

167 1618 248 1655 teste
275 1619 311 1654 in
342 1619 478 1656 Lexico
506 1620 688 1659 Arabico,
717 1620 847 1655 habent
877 1622 927 1656 A-

167 1670 262 1705 rabes
300 1670 504 1711 &abbatom
542 1670 738 1719 significans
774 1671 927 1705 Tunicam

168 1732 184 1753 e
206 1731 314 1764 panno
332 1721 508 1767 goffipino,
535 1723 585 1756 cui
609 1722 751 1757 Pallium
774 1721 844 1762 five
864 1725 927 1756 To-

163 1783 208 1817 ga
235 1771 430 1817 imponitur.
459 1772 515 1807 Est
544 1771 587 1809 ἃ,
609 1772 684 1807 illis
711 1772 926 1808 Al-Gizaebba-

167 1831 218 1862 to,
255 1821 351 1863 vestis
381 1836 419 1856 ex
453 1823 530 1857 lana
557 1824 643 1869 craff
645 1836 717 1862 ore
753 1824 839 1857 haud
865 1823 928 1857 alio

168 1872 260 1906 colore
288 1872 422 1929 insthn
450 1875 543 1920 quam
570 1887 658 1921 quem
685 1888 705 1909 a
732 1884 846 1908 natura
870 1873 927 1908 ha-

167 1920 240 1965 bet,
272 1922 324 1957 uti
353 1923 507 1971 Giggeus
534 1923 572 1959 in
600 1923 661 1960 suo
689 1924 825 1960 Lexico
853 1923 928 1959 ani-

169 1972 383 2009 madvertit.
413 1976 571 2010 Fuerunt
608 1973 646 2011 ἃ
682 1975 852 2010 Pellardae
880 1975 928 2021 (a

170 2023 351 2063 Pellibus,
379 2033 418 2060 ut
446 2035 559 2073 puto,
596 2038 724 2061 nomen
753 2024 928 2071 sortitae)

169 2074 295 2106 Cabam'
333 2074 456 2119 (nunc
499 2075 661 2121 Gabam')
697 2077 730 2109 8(
775 2075 930 2109 Bari‘loti

170 2122 275 2157 vestes
307 2133 518 2160 memoratae
554 2124 591 2160 in
631 2124 812 2161 Chronico
850 2126 929 2159 Pia-

172 2173 334 2209 centino.
365 2176 484 2211 Tomo
511 2176 609 2210 XVI.
637 2188 712 2225 pag.
743 2187 826 2224 579.
852 2177 929 2210 Rer.

170 2223 395 2260 Italicarum.

218 2275 340 2322 Atque
360 2275 438 2311 heic
458 2275 678 2325 Linguarum
696 2276 834 2325 exleges
852 2289 926 2311 mu-

167 2324 320 2361 tationes
356 2326 614 2363 animadvertas
650 2328 780 2362 velim.
818 2331 927 2362 sotta-

166 2388 236 2419 no,
278 2376 347 2412 five
386 2380 521 2413 Sattana
557 2377 672 2426 primb
708 2386 903 2423 nuncupata
909 2390 926 2412 e

166 2403 330 2462 vid⁹entur
357 2428 538 2469 Interulae
575 2428 668 2475 qubd
696 2428 755 2463 sub
784 2427 895 2463 Tuni
904 2441 922 2461 a

170 2487 260 2512 nunc
293 2477 463 2526 appellat-'3
491 2492 509 2514 a
545 2477 803 2515 Mutinensibus
838 2478 920 2512 Giu-

488 197 531 240 D
540 194 646 238 ἴδ’-ΒΕ
645 195 674 237 R
679 193 758 238 TA
761 194 855 237 TIO
885 193 1066 239 VIGESI
1063 194 1154 237 MA
1159 194 1272 252 ‚QUI
1271 195 1312 236 N
1311 196 1345 235 C
1353 196 1431 236 TA
1442 206 1454 237 .’

157 257 294 295 talicar.
322 269 398 305 pag.
428 256 510 293 266.
540 256 582 291 de
621 254 744 298 primis
780 257 919 290 Sarace-
960 259 990 292 A

1012 1630 1014 1633 ’
1044 1619 1245 1654 Italicarum
1267 1630 1275 1651 τ

1014 2073 1150 2109 'meris
1190 2071 1415 2108 descendebat
1456 2070 1497 2105 ad
1539 2069 1669 2104 femora
1694 2094 1705 2109 ‚

1680 202 1734 238 62

1028 255 1171 298 staron,
1208 252 1445 288 deferrentur.
1485 256 1576 290 Nam
1608 253 1687 291 aevi
1725 263 1798 287 me-

1036 305 1088 340 dii
1113 303 1274 339 homines
1301 302 1443 347 Subeus,
1472 317 1535 352 pro
1559 307 1625 338 sub
1653 316 1797 352 praepo-

1036 355 1182 397 fitione,
1219 355 1412 397 dixerunt,
1449 367 1488 390 ac
1525 354 1608 390 inde
1636 355 1799 390 efforma-

1037 415 1118 442 runt
1157 406 1335 440 subtanum
1377 403 1444 440 five
1484 407 1695 447 Subtanam,
1739 404 1798 438 sub

1037 455 1272 505 intelligendo
1313 453 1586 499 vestimentum,
1629 454 1698 490 five
1740 466 1799 488 ve-

1036 508 1145 552 stem,
1159 486 1396 542 ‘'feminarum
1434 507 1630 554 propriam.
1674 506 1799 551 Neque

1035 558 1132 595 enim
1160 556 1363 606 accipienda
1393 557 1596 606 conjefflura
1628 558 1701 592 Du
1706 557 1803 591 Can-

1036 609 1114 659 gii,
1151 607 1331 655 opinantis
1368 606 1449 643 ideo
1484 610 1679 643 Subtaneum
1714 605 1804 649 dici,

1036 662 1118 707 quod
1137 659 1221 703 forte*
1240 658 1453 693 Subtanorum
1474 659 1530 704 seu
1551 662 1720 693 Turcorum
1747 669 1804 690 ve-

970 716 998 751 B
1028 711 1090 754 stis
1114 710 1242 757 propria
1265 709 1381 753 fuerit.
1421 711 1474 745 Ex
1515 708 1588 757 ipsa
1616 721 1703 744 voce
1731 707 1803 742 for-

1037 759 1129 797 taffis
1156 759 1294 796 emersit
1322 760 1446 795 Italica
1474 774 1546 795 vox
1567 764 1661 795 Tana
1678 786 1688 802 ,
1716 770 1803 806 qua-

1037 811 1058 847 fi
1082 813 1221 858 subtuna
1250 811 1330 855 via,
1362 809 1429 846 five
1457 811 1580 847 domus
1599 838 1608 853 ‚
1642 818 1714 845 arte
1743 815 1803 844 aut

1038 863 1114 898 casu
1143 861 1233 897 faeta
1272 861 1390 897 subtus
1419 871 1539 897 monte
1568 870 1627 896 aut
1655 861 1802 895 tellure.

1038 916 1090 949 Ita
1118 916 1214 949 Cava
1240 913 1372 948 dicitur
1401 911 1699 961 subintelligendo
1725 911 1804 950 via,

1032 963 1134 1009 falsa,
1163 973 1222 999 aut
1250 963 1335 1010 quid
1364 962 1494 999 ssmile.
1528 966 1646 998 Sorano
1674 961 1804 1009 Hispa-

1036 1015 1091 1049 nis
1119 1014 1165 1048 est
1192 1015 1280 1048 cella
1310 1013 1468 1057 vinaria,
1496 1014 1529 1046 la
1557 1013 1728 1047 Cantina.
1762 1012 1803 1045 In

1036 1064 1171 1100 Charta
1195 1062 1345 1099 Cavenfi
1370 1064 1467 1098 Anni
1496 1062 1802 1098 DCCCLXXIV.

1036 1129 1140 1174 quam
1156 1114 1261 1150 dedi·
1252 1127 1288 1149 m
1307 1113 1556 1149 Differtatione
1571 1115 1666 1147 XIV.
1678 1113 1715 1146 de
1732 1115 1807 1146 Se»—

963 1170 995 1205 C
1035 1167 1089 1202 vis
1109 1165 1259 1214 legitur:
1288 1165 1415 1212 Regia,
1441 1178 1519 1210 quae
1545 1164 1578 1197 in
1606 1163 1673 1210 ipsa
1696 1163 1807 1197 Eccle-

1030 1217 1082 1259 sia
1102 1217 1143 1259 eft
1162 1215 1274 1259 aedifi:
1276 1226 1350 1255 ata,
1374 1216 1408 1250 in
1427 1215 1494 1262 ipsa
1509 1213 1643 1259 subdita
1659 1216 1805 1248 Subtana

1038 1269 1077 1302 de
1103 1268 1171 1312 ipsa
1199 1266 1361 1307 Ecclesia.
1392 1268 1444 1300 Ita
1472 1264 1621 1300 fortaffis
1650 1277 1668 1298 a
1695 1267 1804 1310 Longe

1039 1318 1261 1353 efformatum
1291 1316 1359 1351 fuit
1380 1316 1601 1361 Longitanus‚
1631 1313 1720 1349 unde
1743 1327 1805 1361 po-

1040 1367 1104 1402 stea
1132 1366 1274 1402 effluxit
1301 1365 1452 1400 nostrum
1482 1368 1649 1406 zamam,
1683 1367 1805 1399 Lonta-

1041 1431 1170 1461 nanza,
1198 1417 1437 1452 Allontanare.
1475 1415 1573 1450 Audi
1611 1427 1704 1450 nunc
1744 1413 1808 1449 Ri-

1041 1467 1225 1502 cobaldum
1241 1494 1250 1510 ‚
1273 1466 1335 1513 qui
1356 1466 1497 1501 circiter
1513 1468 1659 1500 Annum
1678 1466 1806 1500 MCC·

1044 1520 1120 1553 XC.
1142 1517 1240 1552 rudes
1267 1516 1471 1551 Italicorum
1496 1528 1609 1550 mores
1637 1515 1809 1549 describe-

1043 1569 1120 1603 bat.
1143 1569 1195 1602 lra
1216 1567 1279 1602 ille
1300 1568 1420 1602 Tomo
1444 1567 1600 1623 1x3pag.
1631 1569 1711 1601 128.
1730 1567 1808 1600 Rer.

1321 1617 1468 1663 Virgines
1506 1617 1539 1650 in
1565 1616 1709 1650 domibus
1749 1627 1810 1660 ρι-

1043 1680 1125 1703 tram
1153 1669 1277 1703 Tunica
1303 1671 1340 1702 de
1365 1667 1556 1714 Pignolato‚
1595 1680 1672 1713 qtae
1699 1667 1808 1712 appel-

1043 1721 1130 1756 latur
1155 1722 1334 1757 Soranum,
1371 1717 1417 1756 &
1451 1717 1676 1762 paludamento
1703 1717 1807 1762 lineo,

1044 1772 1125 1817 qllod
1149 1770 1214 1804 dic-⁶?
1203 1771 1295 1803 'bant
1322 1772 1476 1806 XOCCHW,
1504 1779 1594 1802 erant
1622 1778 1805 1802 contentae·

1044 1823 1138 1868 Ergo
1174 1822 1321 1854 Subtana
1357 1817 1456 1853 vestis
1500 1828 1698 1861 nuncupata
1735 1817 1808 1861 est,

1045 1884 1132 1918 quae
1170 1880 1286 1906 tamen
1323 1873 1424 1915 Super
1459 1868 1539 1902 aliis
1570 1868 1715 1903 vestibus
1752 1868 1809 1902 in-

1045 1922 1234 1961 duebatur,
1263 1929 1366 1968 atque
1391 1919 1550 1953 omnium
1574 1917 1725 1965 aspeS’tui
1748 1931 1809 1966 pa-

1045 1974 1122 2008 teba
1127 1982 1161 2008 t.
1198 1971 1257 2006 Ad
1294 1970 1377 2005 haec
1404 1973 1439 2003 S
1441 1969 1583 2003 [nanum
1611 1981 1681 2003 non
1709 1981 1809 2004 crura

1046 2032 1129 2058 tunc
1158 2022 1345 2057 mulierum
1374 2020 1534 2069 tegebat,
1572 2018 1626 2054 sed
1663 2019 1705 2054 ab
1742 2018 1808 2053 hu-

1747 2077 1808 2105 aut

1047 2123 1220 2159 summum
1249 2123 1290 2158 ad
1319 2135 1452 2167 genua.
1491 2122 1529 2154 In
1558 2120 1713 2166 antiquis
1743 2122 1809 2154 Fa-

1048 2174 1162 2214 bulis,
1199 2173 1268 2208 five
1296 2173 1429 2208 Novelle
1455 2171 1602 2209 antiche,
1630 2172 1716 2217 Cap.
1748 2173 1806 2218 83,

1049 2224 1199 2273 legitur:
1232 2227 1263 2259 E
1289 2224 1376 2265 [celi
1403 2231 1527 2255 mettere
1553 2234 1595 2254 un
1622 2221 1671 2255 bel
1698 2225 1808 2256 sma-

1048 2289 1107 2314 no,
1145 2276 1169 2309 il
1197 2275 1287 2321 quale
1313 2274 1342 2306 le
1368 2273 1457 2306 daza
1483 2286 1503 2306 a
1526 2272 1615 2317 gino
1606 2272 1708 2307 :colo
1738 2274 1808 2306 At-

1049 2326 1110 2372 qui
1140 2339 1251 2363 nunc
1278 2327 1431 2360 Sonam,
1461 2335 1499 2356 ac
1526 2322 1692 2357 Sottanino
1719 2321 1810 2357 clici-

1049 2390 1124 2411 mus
1164 2375 1366 2411 muliebrem
1406 2372 1532 2407 vestem
1560 2386 1578 2407 e
1606 2372 1737 2407 femore
1768 2385 1807 2406 u-

1049 2426 1130 2473 sque
1158 2425 1199 2460 ad
1228 2424 1327 2472 pedes
1354 2422 1562 2458 defluentem
1580 2450 1587 2462 ,
1616 2435 1719 2468 quam
1743 2421 1807 2456 Ri-

1049 2475 1212 2512 cobaldus
1227 2476 1487 2524 paludamentum
1502 2473 1547 2512 ἔφ’
1568 2476 1697 2508 Xoccam
1718 2484 1808 2507 nun=

1629 2530 1755 2571 cupat,
