<?xml version="1.0" encoding="UTF-8"?>
<!DOCTYPE html PUBLIC "-//W3C//DTD XHTML 1.0 Transitional//EN"
    "http://www.w3.org/TR/xhtml1/DTD/xhtml1-transitional.dtd">
<html xmlns="http://www.w3.org/1999/xhtml" xml:lang="en" lang="en">
 <head>
  <title>
</title>
<meta http-equiv="Content-Type" content="text/html;charset=utf-8" />
  <meta name='ocr-system' content='tesseract 3.04.00' />
  <meta name='ocr-capabilities' content='ocr_page ocr_carea ocr_par ocr_line ocrx_word'/>
</head>
<body>
  <div class='ocr_page' id='page_1' title='image "antiquitatesital05mura_0139.png"; bbox 0 0 2206 3131; ppageno 0'>
   <div class='ocr_carea' id='block_1_1' title="bbox 243 215 1766 277">
    <p class='ocr_par' dir='ltr' id='par_1_1' title="bbox 243 215 1766 277">
     <span class='ocr_line' id='line_1_1' title="bbox 243 215 1766 277; baseline 0.007 -20"><span class='ocrx_word' id='word_1_1' title='bbox 243 238 265 266; x_wconf 86' lang='lat'>2</span> <span class='ocrx_word' id='word_1_2' title='bbox 278 225 333 274; x_wconf 69' lang='lat'>39</span> <span class='ocrx_word' id='word_1_3' title='bbox 553 216 924 259; x_wconf 78' lang='lat' dir='ltr'><em>DISSERTATIO</em></span> <span class='ocrx_word' id='word_1_4' title='bbox 973 215 1429 263; x_wconf 77' lang='lat' dir='ltr'><em>VlGESIMASEX-TA</em></span> <span class='ocrx_word' id='word_1_5' title='bbox 1442 232 1454 264; x_wconf 82' lang='grc'>.“</span> <span class='ocrx_word' id='word_1_6' title='bbox 1682 238 1702 266; x_wconf 84' lang='lat'>2</span> <span class='ocrx_word' id='word_1_7' title='bbox 1709 240 1766 277; x_wconf 87' lang='lat'>90</span> 
     </span>
    </p>
   </div>
   <div class='ocr_carea' id='block_1_2' title="bbox 182 275 1830 325">
    <p class='ocr_par' dir='ltr' id='par_1_2' title="bbox 182 275 1830 325">
     <span class='ocr_line' id='line_1_2' title="bbox 182 275 1830 325; baseline 0.005 -15"><span class='ocrx_word' id='word_1_8' title='bbox 182 282 286 317; x_wconf 55' lang='lat' dir='ltr'>juano</span> <span class='ocrx_word' id='word_1_9' title='bbox 308 275 401 325; x_wconf 71' lang='lat' dir='ltr'>futffe</span> <span class='ocrx_word' id='word_1_10' title='bbox 435 275 552 320; x_wconf 84' lang='lat' dir='ltr'>constat</span> <span class='ocrx_word' id='word_1_11' title='bbox 577 290 614 310; x_wconf 84' lang='lat' dir='ltr'>ex</span> <span class='ocrx_word' id='word_1_12' title='bbox 649 276 830 321; x_wconf 81' lang='lat' dir='ltr'><em>conscriptis</em></span> <span class='ocrx_word' id='word_1_13' title='bbox 857 276 953 311; x_wconf 82' lang='lat' dir='ltr'>Civi-</span> <span class='ocrx_word' id='word_1_14' title='bbox 991 279 1040 313; x_wconf 76' lang='grc' dir='ltr'>Α,</span> <span class='ocrx_word' id='word_1_15' title='bbox 1064 286 1158 315; x_wconf 76' lang='lat' dir='ltr'>rent,</span> <span class='ocrx_word' id='word_1_16' title='bbox 1200 278 1328 312; x_wconf 75' lang='lat' dir='ltr'>vocibus</span> <span class='ocrx_word' id='word_1_17' title='bbox 1364 280 1496 314; x_wconf 80' lang='lat' dir='ltr'>clamare</span> <span class='ocrx_word' id='word_1_18' title='bbox 1530 280 1673 316; x_wconf 82' lang='lat' dir='ltr'>continuo</span> <span class='ocrx_word' id='word_1_19' title='bbox 1699 282 1830 318; x_wconf 62' lang='lat' dir='ltr'>iuvate-⁷</span> 
     </span>
    </p>
   </div>
   <div class='ocr_carea' id='block_1_3' title="bbox 175 327 1837 1086">
    <p class='ocr_par' dir='ltr' id='par_1_3' title="bbox 175 327 1837 1086">
     <span class='ocr_line' id='line_1_3' title="bbox 185 327 1830 378; baseline 0.002 -12"><span class='ocrx_word' id='word_1_20' title='bbox 185 333 243 366; x_wconf 87' lang='lat' dir='ltr'>bus</span> <span class='ocrx_word' id='word_1_21' title='bbox 283 328 450 365; x_wconf 81' lang='lat' dir='ltr'>Paduanis</span> <span class='ocrx_word' id='word_1_22' title='bbox 491 329 609 374; x_wconf 83' lang='lat' dir='ltr'><em>equites</em></span> <span class='ocrx_word' id='word_1_23' title='bbox 650 328 739 361; x_wconf 86' lang='lat' dir='ltr'>mille</span> <span class='ocrx_word' id='word_1_24' title='bbox 780 330 925 361; x_wconf 87' lang='lat' dir='ltr'>ducentos</span> <span class='ocrx_word' id='word_1_25' title='bbox 943 352 953 367; x_wconf 95' lang='lat'><em>,</em></span> <span class='ocrx_word' id='word_1_26' title='bbox 1058 327 1175 372; x_wconf 68' lang='lat' dir='ltr'>sctum.</span> <span class='ocrx_word' id='word_1_27' title='bbox 1205 329 1281 363; x_wconf 90' lang='lat' dir='ltr'>Nec</span> <span class='ocrx_word' id='word_1_28' title='bbox 1310 328 1408 375; x_wconf 82' lang='lat' dir='ltr'>plura</span> <span class='ocrx_word' id='word_1_29' title='bbox 1435 328 1580 369; x_wconf 85' lang='lat' dir='ltr'>addam,</span> <span class='ocrx_word' id='word_1_30' title='bbox 1609 333 1725 378; x_wconf 86' lang='lat' dir='ltr'>potius</span> <span class='ocrx_word' id='word_1_31' title='bbox 1752 333 1830 370; x_wconf 83' lang='lat' dir='ltr'>edi-</span> 
     </span>
     <span class='ocr_line' id='line_1_4' title="bbox 184 377 1829 424; baseline 0.003 -10"><span class='ocrx_word' id='word_1_32' title='bbox 184 381 321 422; x_wconf 72' lang='lat' dir='ltr'>hastatos</span> <span class='ocrx_word' id='word_1_33' title='bbox 339 382 412 414; x_wconf 71' lang='lat' dir='ltr'>vero</span> <span class='ocrx_word' id='word_1_34' title='bbox 431 393 467 412; x_wconf 84' lang='lat' dir='ltr'>ex</span> <span class='ocrx_word' id='word_1_35' title='bbox 491 379 680 420; x_wconf 80' lang='lat' dir='ltr'><em>Nobilium,</em></span> <span class='ocrx_word' id='word_1_36' title='bbox 709 379 954 424; x_wconf 83' lang='lat' dir='ltr'>locupletumque</span> <span class='ocrx_word' id='word_1_37' title='bbox 1065 377 1210 417; x_wconf 63' lang='lat' dir='ltr'>fimus,</span> <span class='ocrx_word' id='word_1_38' title='bbox 1250 391 1384 414; x_wconf 90' lang='lat' dir='ltr'>morem</span> <span class='ocrx_word' id='word_1_39' title='bbox 1426 379 1517 421; x_wconf 85' lang='lat' dir='ltr'>hunc</span> <span class='ocrx_word' id='word_1_40' title='bbox 1559 380 1727 418; x_wconf 81' lang='lat' dir='ltr'>militaris</span> <span class='ocrx_word' id='word_1_41' title='bbox 1755 386 1829 420; x_wconf 88' lang='lat' dir='ltr'>cla-</span> 
     </span>
     <span class='ocr_line' id='line_1_5' title="bbox 183 428 1829 481; baseline 0.001 -14"><span class='ocrx_word' id='word_1_42' title='bbox 183 430 341 468; x_wconf 85' lang='lat' dir='ltr'>comitivis</span> <span class='ocrx_word' id='word_1_43' title='bbox 361 430 580 476; x_wconf 83' lang='lat' dir='ltr'>septingentos</span> <span class='ocrx_word' id='word_1_44' title='bbox 595 454 605 469; x_wconf 94' lang='lat'><em>‚</em></span> <span class='ocrx_word' id='word_1_45' title='bbox 632 429 804 473; x_wconf 68' lang='lat' dir='ltr'>,scutiferos</span> <span class='ocrx_word' id='word_1_46' title='bbox 826 430 951 473; x_wconf 77' lang='lat' dir='ltr'>Jexcen-</span> <span class='ocrx_word' id='word_1_47' title='bbox 1066 428 1198 472; x_wconf 84' lang='lat' dir='ltr'>moris,</span> <span class='ocrx_word' id='word_1_48' title='bbox 1223 442 1329 476; x_wconf 87' lang='lat' dir='ltr'>quum</span> <span class='ocrx_word' id='word_1_49' title='bbox 1353 429 1442 465; x_wconf 89' lang='lat' dir='ltr'>acies</span> <span class='ocrx_word' id='word_1_50' title='bbox 1466 431 1500 466; x_wconf 90' lang='lat' dir='ltr'>in</span> <span class='ocrx_word' id='word_1_51' title='bbox 1524 431 1709 481; x_wconf 58' lang='lat' dir='ltr'>conspeetu</span> <span class='ocrx_word' id='word_1_52' title='bbox 1729 444 1829 472; x_wconf 88' lang='lat' dir='ltr'>erant</span> 
     </span>
     <span class='ocr_line' id='line_1_6' title="bbox 184 480 1830 527; baseline 0.002 -11"><span class='ocrx_word' id='word_1_53' title='bbox 184 493 258 520; x_wconf 88' lang='lat' dir='ltr'>tos,</span> <span class='ocrx_word' id='word_1_54' title='bbox 286 483 396 527; x_wconf 82' lang='lat' dir='ltr'>Equas</span> <span class='ocrx_word' id='word_1_55' title='bbox 434 480 588 515; x_wconf 83' lang='lat' dir='ltr'>ruralium</span> <span class='ocrx_word' id='word_1_56' title='bbox 624 480 838 522; x_wconf 82' lang='lat' dir='ltr'>hastatorum,</span> <span class='ocrx_word' id='word_1_57' title='bbox 875 493 953 526; x_wconf 84' lang='lat' dir='ltr'><em>quas</em></span> <span class='ocrx_word' id='word_1_58' title='bbox 1067 491 1218 527; x_wconf 81' lang='lat' dir='ltr'>pugnam</span> <span class='ocrx_word' id='word_1_59' title='bbox 1247 480 1425 524; x_wconf 87' lang='lat' dir='ltr'>editurae,</span> <span class='ocrx_word' id='word_1_60' title='bbox 1462 481 1671 519; x_wconf 89' lang='lat' dir='ltr'>hereditaria</span> <span class='ocrx_word' id='word_1_61' title='bbox 1698 483 1830 520; x_wconf 82' lang='lat' dir='ltr'>succes-</span> 
     </span>
     <span class='ocr_line' id='line_1_7' title="bbox 183 529 1828 582; baseline 0.002 -15"><span class='ocrx_word' id='word_1_62' title='bbox 183 531 363 567; x_wconf 83' lang='lat' dir='ltr'>Bertolatas</span> <span class='ocrx_word' id='word_1_63' title='bbox 392 530 480 577; x_wconf 89' lang='lat' dir='ltr'>(seu</span> <span class='ocrx_word' id='word_1_64' title='bbox 507 532 714 578; x_wconf 77' lang='lat' dir='ltr'>Bertolotas)</span> <span class='ocrx_word' id='word_1_65' title='bbox 744 530 954 577; x_wconf 72' lang='lat' dir='ltr'><em>Langobardi</em></span> <span class='ocrx_word' id='word_1_66' title='bbox 1067 529 1159 566; x_wconf 86' lang='lat' dir='ltr'>fione</span> <span class='ocrx_word' id='word_1_67' title='bbox 1188 531 1230 566; x_wconf 89' lang='lat' dir='ltr'>ab</span> <span class='ocrx_word' id='word_1_68' title='bbox 1255 530 1412 580; x_wconf 87' lang='lat' dir='ltr'>antiquis</span> <span class='ocrx_word' id='word_1_69' title='bbox 1436 531 1455 549; x_wconf 72' lang='lat'><strong>*</strong></span> <span class='ocrx_word' id='word_1_70' title='bbox 1483 544 1685 582; x_wconf 86' lang='lat' dir='ltr'>acceptum.</span> <span class='ocrx_word' id='word_1_71' title='bbox 1716 537 1828 571; x_wconf 83' lang='lat' dir='ltr'>Lam-</span> 
     </span>
     <span class='ocr_line' id='line_1_8' title="bbox 182 580 1830 634; baseline 0.003 -17"><span class='ocrx_word' id='word_1_72' title='bbox 182 591 320 621; x_wconf 80' lang='lat' dir='ltr'>vocant‚</span> <span class='ocrx_word' id='word_1_73' title='bbox 347 581 468 616; x_wconf 79' lang='lat' dir='ltr'><em>circiter</em></span> <span class='ocrx_word' id='word_1_74' title='bbox 493 583 581 616; x_wconf 88' lang='lat' dir='ltr'>mille</span> <span class='ocrx_word' id='word_1_75' title='bbox 599 606 609 621; x_wconf 95' lang='lat'><em>,</em></span> <span class='ocrx_word' id='word_1_76' title='bbox 637 582 839 616; x_wconf 81' lang='lat' dir='ltr'><em>mercenarios</em></span> <span class='ocrx_word' id='word_1_77' title='bbox 866 581 952 614; x_wconf 82' lang='lat' dir='ltr'>mili·</span> <span class='ocrx_word' id='word_1_78' title='bbox 1067 580 1201 629; x_wconf 86' lang='lat' dir='ltr'>pridius</span> <span class='ocrx_word' id='word_1_79' title='bbox 1221 582 1260 617; x_wconf 88' lang='lat' dir='ltr'>in</span> <span class='ocrx_word' id='word_1_80' title='bbox 1290 582 1494 618; x_wconf 80' lang='lat' dir='ltr'>Alexandro</span> <span class='ocrx_word' id='word_1_81' title='bbox 1522 586 1649 620; x_wconf 82' lang='lat' dir='ltr'>Severo</span> <span class='ocrx_word' id='word_1_82' title='bbox 1676 585 1830 634; x_wconf 84' lang='lat' dir='ltr'>ejusdem</span> 
     </span>
     <span class='ocr_line' id='line_1_9' title="bbox 183 632 1831 684; baseline 0.002 -16"><span class='ocrx_word' id='word_1_83' title='bbox 183 644 227 668; x_wconf 86' lang='lat' dir='ltr'>tes</span> <span class='ocrx_word' id='word_1_84' title='bbox 270 643 416 667; x_wconf 78' lang='lat' dir='ltr'>trecentos</span> <span class='ocrx_word' id='word_1_85' title='bbox 442 660 451 677; x_wconf 90' lang='lat'>‚</span> <span class='ocrx_word' id='word_1_86' title='bbox 481 632 494 680; x_wconf 92' lang='lat'><strong>(</strong></span> <span class='ocrx_word' id='word_1_87' title='bbox 524 633 586 669; x_wconf 89' lang='lat' dir='ltr'>hos</span> <span class='ocrx_word' id='word_1_88' title='bbox 627 632 756 668; x_wconf 77' lang='lat' dir='ltr'>Soldati</span> <span class='ocrx_word' id='word_1_89' title='bbox 797 633 952 679; x_wconf 84' lang='lat' dir='ltr'>appella-</span> <span class='ocrx_word' id='word_1_90' title='bbox 1068 632 1255 677; x_wconf 85' lang='lat' dir='ltr'>meminit,</span> <span class='ocrx_word' id='word_1_91' title='bbox 1281 641 1448 681; x_wconf 81' lang='lat' dir='ltr'>erantque</span> <span class='ocrx_word' id='word_1_92' title='bbox 1468 635 1741 682; x_wconf 66' lang='lat' dir='ltr'>Campidod‘lores,</span> <span class='ocrx_word' id='word_1_93' title='bbox 1766 636 1831 684; x_wconf 83' lang='lat' dir='ltr'>qui</span> 
     </span>
     <span class='ocr_line' id='line_1_10' title="bbox 183 683 1832 732; baseline 0.002 -12"><span class='ocrx_word' id='word_1_94' title='bbox 183 684 267 720; x_wconf 90' lang='lat' dir='ltr'>bant</span> <span class='ocrx_word' id='word_1_95' title='bbox 296 684 308 731; x_wconf 94' lang='lat'><em>)</em></span> <span class='ocrx_word' id='word_1_96' title='bbox 335 686 480 728; x_wconf 84' lang='lat' dir='ltr'>peditum</span> <span class='ocrx_word' id='word_1_97' title='bbox 506 685 744 729; x_wconf 83' lang='lat' dir='ltr'>conscriptorum</span> <span class='ocrx_word' id='word_1_98' title='bbox 771 697 808 717; x_wconf 79' lang='lat' dir='ltr'>ex</span> <span class='ocrx_word' id='word_1_99' title='bbox 845 683 951 721; x_wconf 84' lang='lat' dir='ltr'><em>Urbe,</em></span> <span class='ocrx_word' id='word_1_100' title='bbox 1067 683 1203 718; x_wconf 87' lang='lat' dir='ltr'>m1lites</span> <span class='ocrx_word' id='word_1_101' title='bbox 1231 684 1448 724; x_wconf 85' lang='lat' dir='ltr'>edocebant,</span> <span class='ocrx_word' id='word_1_102' title='bbox 1477 686 1616 732; x_wconf 87' lang='lat' dir='ltr'>quando</span> <span class='ocrx_word' id='word_1_103' title='bbox 1644 699 1748 722; x_wconf 87' lang='lat' dir='ltr'>voces</span> <span class='ocrx_word' id='word_1_104' title='bbox 1775 696 1832 723; x_wconf 88' lang='lat' dir='ltr'>at·-</span> 
     </span>
     <span class='ocr_line' id='line_1_11' title="bbox 175 732 1830 786; baseline 0.004 -17"><span class='ocrx_word' id='word_1_105' title='bbox 175 736 393 782; x_wconf 82' lang='lat' dir='ltr'>suburbiilque</span> <span class='ocrx_word' id='word_1_106' title='bbox 411 735 669 781; x_wconf 84' lang='lat' dir='ltr'>quinque—millia</span> <span class='ocrx_word' id='word_1_107' title='bbox 685 735 950 781; x_wconf 81' lang='lat' dir='ltr'>quadringentos.</span> <span class='ocrx_word' id='word_1_108' title='bbox 992 732 1018 766; x_wconf 92' lang='lat' dir='ltr'>B</span> <span class='ocrx_word' id='word_1_109' title='bbox 1066 733 1244 769; x_wconf 87' lang='lat' dir='ltr'>tollendae</span> <span class='ocrx_word' id='word_1_110' title='bbox 1285 734 1424 770; x_wconf 83' lang='lat' dir='ltr'>forent.</span> <span class='ocrx_word' id='word_1_111' title='bbox 1463 735 1632 785; x_wconf 85' lang='lat' dir='ltr'>Vegetius</span> <span class='ocrx_word' id='word_1_112' title='bbox 1673 737 1756 774; x_wconf 89' lang='lat' dir='ltr'>Lib.</span> <span class='ocrx_word' id='word_1_113' title='bbox 1795 750 1830 786; x_wconf 87' lang='lat'>3.</span> 
     </span>
     <span class='ocr_line' id='line_1_12' title="bbox 183 782 1831 835; baseline 0.002 -14"><span class='ocrx_word' id='word_1_114' title='bbox 183 785 365 834; x_wconf 84' lang='lat' dir='ltr'>Ejusmodi</span> <span class='ocrx_word' id='word_1_115' title='bbox 396 788 574 834; x_wconf 84' lang='lat' dir='ltr'>Equarum</span> <span class='ocrx_word' id='word_1_116' title='bbox 603 786 644 821; x_wconf 87' lang='lat' dir='ltr'>ad</span> <span class='ocrx_word' id='word_1_117' title='bbox 683 785 812 820; x_wconf 87' lang='lat' dir='ltr'>bellum</span> <span class='ocrx_word' id='word_1_118' title='bbox 852 782 946 817; x_wconf 83' lang='lat' dir='ltr'>adhi-</span> <span class='ocrx_word' id='word_1_119' title='bbox 1065 784 1153 829; x_wconf 85' lang='lat' dir='ltr'>Cap.</span> <span class='ocrx_word' id='word_1_120' title='bbox 1185 787 1241 821; x_wconf 85' lang='lat'>18.</span> <span class='ocrx_word' id='word_1_121' title='bbox 1270 786 1425 828; x_wconf 84' lang='lat' dir='ltr'>Clamor,</span> <span class='ocrx_word' id='word_1_122' title='bbox 1462 785 1608 835; x_wconf 86' lang='lat' dir='ltr'>inquit,</span> <span class='ocrx_word' id='word_1_123' title='bbox 1642 789 1734 835; x_wconf 82' lang='lat' dir='ltr'>prius</span> <span class='ocrx_word' id='word_1_124' title='bbox 1769 802 1831 824; x_wconf 80' lang='lat' dir='ltr'>non</span> 
     </span>
     <span class='ocr_line' id='line_1_13' title="bbox 181 834 1834 886; baseline 0.001 -14"><span class='ocrx_word' id='word_1_125' title='bbox 181 837 337 873; x_wconf 87' lang='lat' dir='ltr'>bitarum</span> <span class='ocrx_word' id='word_1_126' title='bbox 365 836 410 873; x_wconf 82' lang='lat' dir='ltr'>est</span> <span class='ocrx_word' id='word_1_127' title='bbox 438 849 577 884; x_wconf 87' lang='lat' dir='ltr'>quoque</span> <span class='ocrx_word' id='word_1_128' title='bbox 614 834 750 870; x_wconf 83' lang='lat' dir='ltr'>mentio</span> <span class='ocrx_word' id='word_1_129' title='bbox 778 836 816 869; x_wconf 87' lang='lat' dir='ltr'>in</span> <span class='ocrx_word' id='word_1_130' title='bbox 847 834 942 868; x_wconf 78' lang='lat' dir='ltr'>Pata-</span> <span class='ocrx_word' id='word_1_131' title='bbox 1065 834 1155 869; x_wconf 80' lang='lat' dir='ltr'>debet</span> <span class='ocrx_word' id='word_1_132' title='bbox 1195 836 1329 881; x_wconf 82' lang='lat' dir='ltr'>attolli,</span> <span class='ocrx_word' id='word_1_133' title='bbox 1373 839 1467 884; x_wconf 66' lang='lat' dir='ltr'>qudm</span> <span class='ocrx_word' id='word_1_134' title='bbox 1509 839 1590 873; x_wconf 79' lang='lat' dir='ltr'>acies</span> <span class='ocrx_word' id='word_1_135' title='bbox 1635 850 1766 886; x_wconf 81' lang='lat' dir='ltr'>utraque</span> <span class='ocrx_word' id='word_1_136' title='bbox 1798 840 1834 885; x_wconf 93' lang='lat' dir='ltr'>se</span> 
     </span>
     <span class='ocr_line' id='line_1_14' title="bbox 182 884 1835 937; baseline 0.002 -15"><span class='ocrx_word' id='word_1_137' title='bbox 182 887 265 923; x_wconf 87' lang='lat' dir='ltr'>vina</span> <span class='ocrx_word' id='word_1_138' title='bbox 287 890 499 924; x_wconf 81' lang='lat' dir='ltr'>Gatarorum</span> <span class='ocrx_word' id='word_1_139' title='bbox 523 885 676 922; x_wconf 67' lang='lat' dir='ltr'>Historia</span> <span class='ocrx_word' id='word_1_140' title='bbox 693 886 812 920; x_wconf 88' lang='lat' dir='ltr'>Tomo</span> <span class='ocrx_word' id='word_1_141' title='bbox 833 886 948 919; x_wconf 74' lang='lat' dir='ltr'>XVII.</span> <span class='ocrx_word' id='word_1_142' title='bbox 1062 884 1206 930; x_wconf 78' lang='lat' dir='ltr'>junxerit</span> <span class='ocrx_word' id='word_1_143' title='bbox 1221 913 1230 922; x_wconf 94' lang='lat'><strong><em>.</em></strong></span> <span class='ocrx_word' id='word_1_144' title='bbox 1258 889 1482 932; x_wconf 75' lang='lat' dir='ltr'><em>Imperatorum</em></span> <span class='ocrx_word' id='word_1_145' title='bbox 1508 890 1591 923; x_wconf 86' lang='lat' dir='ltr'>enim</span> <span class='ocrx_word' id='word_1_146' title='bbox 1617 891 1672 924; x_wconf 82' lang='lat' dir='ltr'>vel</span> <span class='ocrx_word' id='word_1_147' title='bbox 1697 890 1835 937; x_wconf 82' lang='lat' dir='ltr'>ignavo·</span> 
     </span>
     <span class='ocr_line' id='line_1_15' title="bbox 185 935 1835 988; baseline 0.001 -14"><span class='ocrx_word' id='word_1_148' title='bbox 185 941 265 974; x_wconf 85' lang='lat' dir='ltr'>Rer.</span> <span class='ocrx_word' id='word_1_149' title='bbox 293 938 448 974; x_wconf 57' lang='lat' dir='ltr'>Italicar.</span> <span class='ocrx_word' id='word_1_150' title='bbox 477 940 653 985; x_wconf 84' lang='lat' dir='ltr'>Equarum</span> <span class='ocrx_word' id='word_1_151' title='bbox 677 935 786 971; x_wconf 89' lang='lat' dir='ltr'>etiam</span> <span class='ocrx_word' id='word_1_152' title='bbox 817 946 948 972; x_wconf 83' lang='lat' dir='ltr'>turmas</span> <span class='ocrx_word' id='word_1_153' title='bbox 1066 950 1134 970; x_wconf 90' lang='lat' dir='ltr'>rum</span> <span class='ocrx_word' id='word_1_154' title='bbox 1160 937 1222 979; x_wconf 77' lang='lat' dir='ltr'>eft,</span> <span class='ocrx_word' id='word_1_155' title='bbox 1250 938 1418 982; x_wconf 67' lang='lat' dir='ltr'>vociferari</span> <span class='ocrx_word' id='word_1_156' title='bbox 1444 942 1482 974; x_wconf 86' lang='lat' dir='ltr'>de</span> <span class='ocrx_word' id='word_1_157' title='bbox 1507 941 1598 987; x_wconf 86' lang='lat' dir='ltr'>longe</span> <span class='ocrx_word' id='word_1_158' title='bbox 1612 955 1633 984; x_wconf 84' lang='lat'><em>;</em></span> <span class='ocrx_word' id='word_1_159' title='bbox 1658 955 1753 988; x_wconf 80' lang='lat' dir='ltr'><em>quum</em></span> <span class='ocrx_word' id='word_1_160' title='bbox 1779 942 1835 976; x_wconf 84' lang='lat' dir='ltr'>ho-</span> 
     </span>
     <span class='ocr_line' id='line_1_16' title="bbox 185 986 1835 1035; baseline 0.001 -11"><span class='ocrx_word' id='word_1_161' title='bbox 185 989 422 1025; x_wconf 83' lang='lat' dir='ltr'>Bononienses</span> <span class='ocrx_word' id='word_1_162' title='bbox 446 989 482 1023; x_wconf 91' lang='lat' dir='ltr'>in</span> <span class='ocrx_word' id='word_1_163' title='bbox 511 987 668 1023; x_wconf 84' lang='lat' dir='ltr'>exercitu</span> <span class='ocrx_word' id='word_1_164' title='bbox 695 986 842 1022; x_wconf 82' lang='lat' dir='ltr'>habuere</span> <span class='ocrx_word' id='word_1_165' title='bbox 859 1016 866 1028; x_wconf 74' lang='grc'>,</span> <span class='ocrx_word' id='word_1_166' title='bbox 895 988 947 1022; x_wconf 77' lang='lat' dir='ltr'>uti</span> <span class='ocrx_word' id='word_1_167' title='bbox 1059 988 1121 1029; x_wconf 81' lang='lat' dir='ltr'>fles</span> <span class='ocrx_word' id='word_1_168' title='bbox 1157 989 1259 1035; x_wconf 85' lang='lat' dir='ltr'>magis</span> <span class='ocrx_word' id='word_1_169' title='bbox 1294 1001 1494 1034; x_wconf 83' lang='lat' dir='ltr'>terreantur,</span> <span class='ocrx_word' id='word_1_170' title='bbox 1532 991 1563 1031; x_wconf 86' lang='lat' dir='ltr'><strong><em>fi</em></strong></span> <span class='ocrx_word' id='word_1_171' title='bbox 1597 1005 1665 1026; x_wconf 89' lang='lat' dir='ltr'>cum</span> <span class='ocrx_word' id='word_1_172' title='bbox 1703 992 1835 1026; x_wconf 67' lang='lat' dir='ltr'>telorum</span> 
     </span>
     <span class='ocr_line' id='line_1_17' title="bbox 182 1037 1837 1086; baseline 0 -12"><span class='ocrx_word' id='word_1_173' title='bbox 182 1039 284 1074; x_wconf 86' lang='lat' dir='ltr'>fidem</span> <span class='ocrx_word' id='word_1_174' title='bbox 315 1038 401 1074; x_wconf 82' lang='lat' dir='ltr'>facit</span> <span class='ocrx_word' id='word_1_175' title='bbox 428 1037 585 1074; x_wconf 84' lang='lat' dir='ltr'>Historia</span> <span class='ocrx_word' id='word_1_176' title='bbox 624 1037 791 1073; x_wconf 84' lang='lat' dir='ltr'>Miscella</span> <span class='ocrx_word' id='word_1_177' title='bbox 827 1040 947 1073; x_wconf 88' lang='lat' dir='ltr'>Tomo</span> <span class='ocrx_word' id='word_1_178' title='bbox 973 1056 976 1076; x_wconf 58' lang='grc' dir='ltr'>ι</span> <span class='ocrx_word' id='word_1_179' title='bbox 1066 1037 1134 1072; x_wconf 55' lang='lat' dir='ltr'>iria</span> <span class='ocrx_word' id='word_1_180' title='bbox 1160 1043 1303 1073; x_wconf 70' lang='lat' dir='ltr'>clamoris</span> <span class='ocrx_word' id='word_1_181' title='bbox 1329 1043 1435 1074; x_wconf 83' lang='lat' dir='ltr'>horror</span> <span class='ocrx_word' id='word_1_182' title='bbox 1460 1040 1630 1086; x_wconf 79' lang='lat' dir='ltr'>accefferit.</span> <span class='ocrx_word' id='word_1_183' title='bbox 1666 1040 1837 1077; x_wconf 74' lang='lat' dir='ltr'>Clamori</span> 
     </span>
    </p>
   </div>
   <div class='ocr_carea' id='block_1_4' title="bbox 178 1087 1837 1667">
    <p class='ocr_par' dir='ltr' id='par_1_4' title="bbox 178 1087 1837 1667">
     <span class='ocr_line' id='line_1_18' title="bbox 182 1087 1836 1138; baseline 0.001 -13"><span class='ocrx_word' id='word_1_184' title='bbox 182 1091 318 1125; x_wconf 83' lang='lat' dir='ltr'>XVIII.</span> <span class='ocrx_word' id='word_1_185' title='bbox 349 1091 427 1124; x_wconf 87' lang='lat' dir='ltr'>Rer.</span> <span class='ocrx_word' id='word_1_186' title='bbox 455 1088 611 1124; x_wconf 89' lang='lat' dir='ltr'>Italicar.</span> <span class='ocrx_word' id='word_1_187' title='bbox 656 1089 834 1125; x_wconf 85' lang='lat' dir='ltr'>Proelium</span> <span class='ocrx_word' id='word_1_188' title='bbox 864 1091 947 1124; x_wconf 76' lang='lat' dir='ltr'>vero</span> <span class='ocrx_word' id='word_1_189' title='bbox 1064 1087 1266 1136; x_wconf 85' lang='lat' dir='ltr'>hujusmodi</span> <span class='ocrx_word' id='word_1_190' title='bbox 1287 1103 1305 1124; x_wconf 87' lang='lat' dir='ltr'>a</span> <span class='ocrx_word' id='word_1_191' title='bbox 1328 1090 1488 1126; x_wconf 88' lang='lat' dir='ltr'>Barbaris</span> <span class='ocrx_word' id='word_1_192' title='bbox 1509 1090 1726 1138; x_wconf 72' lang='lat' dir='ltr'>potiffimhm</span> <span class='ocrx_word' id='word_1_193' title='bbox 1749 1096 1836 1127; x_wconf 89' lang='lat' dir='ltr'>Bar-</span> 
     </span>
     <span class='ocr_line' id='line_1_19' title="bbox 181 1139 1836 1189; baseline 0.001 -12"><span class='ocrx_word' id='word_1_194' title='bbox 181 1140 387 1177; x_wconf 86' lang='lat' dir='ltr'>ineuntibus</span> <span class='ocrx_word' id='word_1_195' title='bbox 417 1153 491 1175; x_wconf 86' lang='lat' dir='ltr'>mos</span> <span class='ocrx_word' id='word_1_196' title='bbox 519 1139 611 1181; x_wconf 79' lang='lat' dir='ltr'>fuit,</span> <span class='ocrx_word' id='word_1_197' title='bbox 639 1141 681 1176; x_wconf 88' lang='lat' dir='ltr'>ab</span> <span class='ocrx_word' id='word_1_198' title='bbox 710 1140 847 1189; x_wconf 84' lang='lat' dir='ltr'>ingenti</span> <span class='ocrx_word' id='word_1_199' title='bbox 877 1141 947 1175; x_wconf 88' lang='lat' dir='ltr'>cla·</span> <span class='ocrx_word' id='word_1_200' title='bbox 1063 1140 1144 1173; x_wconf 75' lang='lat' dir='ltr'>ritus</span> <span class='ocrx_word' id='word_1_201' title='bbox 1174 1153 1303 1176; x_wconf 88' lang='lat' dir='ltr'>nomen</span> <span class='ocrx_word' id='word_1_202' title='bbox 1328 1141 1417 1176; x_wconf 89' lang='lat' dir='ltr'>olim</span> <span class='ocrx_word' id='word_1_203' title='bbox 1450 1140 1627 1180; x_wconf 80' lang='lat' dir='ltr'>inditum,</span> <span class='ocrx_word' id='word_1_204' title='bbox 1655 1152 1695 1178; x_wconf 89' lang='lat' dir='ltr'>ut</span> <span class='ocrx_word' id='word_1_205' title='bbox 1726 1143 1836 1179; x_wconf 87' lang='lat' dir='ltr'>fidem</span> 
     </span>
     <span class='ocr_line' id='line_1_20' title="bbox 181 1183 1837 1244; baseline 0.001 -16"><span class='ocrx_word' id='word_1_206' title='bbox 181 1204 278 1228; x_wconf 87' lang='lat' dir='ltr'>more</span> <span class='ocrx_word' id='word_1_207' title='bbox 305 1190 491 1228; x_wconf 85' lang='lat' dir='ltr'>exordium</span> <span class='ocrx_word' id='word_1_208' title='bbox 520 1190 632 1226; x_wconf 89' lang='lat' dir='ltr'>facere</span> <span class='ocrx_word' id='word_1_209' title='bbox 648 1216 658 1231; x_wconf 88' lang='lat'>,</span> <span class='ocrx_word' id='word_1_210' title='bbox 678 1193 771 1240; x_wconf 80' lang='lat' dir='ltr'>quali</span> <span class='ocrx_word' id='word_1_211' title='bbox 801 1192 948 1227; x_wconf 86' lang='lat' dir='ltr'>vocibus</span> <span class='ocrx_word' id='word_1_212' title='bbox 990 1183 1036 1244; x_wconf 82' lang='lat' dir='ltr'>C¹</span> <span class='ocrx_word' id='word_1_213' title='bbox 1064 1189 1149 1226; x_wconf 86' lang='lat' dir='ltr'>facit</span> <span class='ocrx_word' id='word_1_214' title='bbox 1178 1191 1328 1227; x_wconf 86' lang='lat' dir='ltr'>Tacitus</span> <span class='ocrx_word' id='word_1_215' title='bbox 1349 1191 1440 1239; x_wconf 81' lang='lat' dir='ltr'>Cap.</span> <span class='ocrx_word' id='word_1_216' title='bbox 1471 1203 1503 1239; x_wconf 83' lang='lat'>3.</span> <span class='ocrx_word' id='word_1_217' title='bbox 1523 1191 1565 1227; x_wconf 88' lang='lat' dir='ltr'>de</span> <span class='ocrx_word' id='word_1_218' title='bbox 1590 1192 1726 1228; x_wconf 88' lang='lat' dir='ltr'>Morib.</span> <span class='ocrx_word' id='word_1_219' title='bbox 1745 1196 1837 1230; x_wconf 90' lang='lat' dir='ltr'>Ger-</span> 
     </span>
     <span class='ocr_line' id='line_1_21' title="bbox 179 1241 1836 1293; baseline 0.001 -15"><span class='ocrx_word' id='word_1_220' title='bbox 179 1252 347 1278; x_wconf 88' lang='lat' dir='ltr'>terrorem</span> <span class='ocrx_word' id='word_1_221' title='bbox 369 1241 456 1278; x_wconf 89' lang='lat' dir='ltr'>hosti</span> <span class='ocrx_word' id='word_1_222' title='bbox 478 1241 510 1277; x_wconf 90' lang='lat' dir='ltr'>se</span> <span class='ocrx_word' id='word_1_223' title='bbox 536 1242 728 1278; x_wconf 74' lang='lat' dir='ltr'>incuffuros</span> <span class='ocrx_word' id='word_1_224' title='bbox 750 1242 948 1291; x_wconf 80' lang='lat' dir='ltr'>sperarent,</span> <span class='ocrx_word' id='word_1_225' title='bbox 1034 1245 1036 1255; x_wconf 94' lang='lat'>&#39;</span> <span class='ocrx_word' id='word_1_226' title='bbox 1065 1255 1199 1278; x_wconf 89' lang='lat' dir='ltr'>manor.</span> <span class='ocrx_word' id='word_1_227' title='bbox 1239 1243 1303 1278; x_wconf 88' lang='lat' dir='ltr'>Sed</span> <span class='ocrx_word' id='word_1_228' title='bbox 1325 1241 1364 1278; x_wconf 72' lang='grc' dir='ltr'>ἃ</span> <span class='ocrx_word' id='word_1_229' title='bbox 1392 1243 1545 1278; x_wconf 85' lang='lat' dir='ltr'>Romani</span> <span class='ocrx_word' id='word_1_230' title='bbox 1573 1244 1615 1278; x_wconf 86' lang='lat' dir='ltr'>ab</span> <span class='ocrx_word' id='word_1_231' title='bbox 1643 1243 1693 1279; x_wconf 85' lang='lat' dir='ltr'>eis</span> <span class='ocrx_word' id='word_1_232' title='bbox 1720 1244 1836 1293; x_wconf 88' lang='lat' dir='ltr'>ipsum</span> 
     </span>
     <span class='ocr_line' id='line_1_22' title="bbox 178 1257 1831 1434; baseline 0.001 -105"><span class='ocrx_word' id='word_1_233' title='bbox 178 1303 239 1329; x_wconf 86' lang='lat' dir='ltr'>aut</span> <span class='ocrx_word' id='word_1_234' title='bbox 267 1303 308 1330; x_wconf 90' lang='lat' dir='ltr'>ut</span> <span class='ocrx_word' id='word_1_235' title='bbox 335 1294 424 1330; x_wconf 84' lang='lat' dir='ltr'>alter</span> <span class='ocrx_word' id='word_1_236' title='bbox 450 1294 597 1330; x_wconf 88' lang='lat' dir='ltr'>alterum</span> <span class='ocrx_word' id='word_1_237' title='bbox 625 1294 666 1329; x_wconf 80' lang='lat' dir='ltr'>ad</span> <span class='ocrx_word' id='word_1_238' title='bbox 697 1308 847 1343; x_wconf 84' lang='lat' dir='ltr'>pugnarn</span> <span class='ocrx_word' id='word_1_239' title='bbox 877 1294 948 1329; x_wconf 83' lang='lat' dir='ltr'>ala·</span> <span class='ocrx_word' id='word_1_240' title='bbox 1034 1257 1037 1434; x_wconf 78' lang='grc' dir='ltr'>Ι</span> <span class='ocrx_word' id='word_1_241' title='bbox 1064 1305 1194 1328; x_wconf 88' lang='lat' dir='ltr'>nornen</span> <span class='ocrx_word' id='word_1_242' title='bbox 1216 1306 1401 1341; x_wconf 83' lang='lat' dir='ltr'>accepere,</span> <span class='ocrx_word' id='word_1_243' title='bbox 1423 1293 1504 1328; x_wconf 83' lang='lat' dir='ltr'>teste</span> <span class='ocrx_word' id='word_1_244' title='bbox 1526 1294 1722 1330; x_wconf 85' lang='lat' dir='ltr'>Ammiano</span> <span class='ocrx_word' id='word_1_245' title='bbox 1747 1295 1831 1331; x_wconf 86' lang='lat' dir='ltr'>Lib.</span> 
     </span>
     <span class='ocr_line' id='line_1_23' title="bbox 180 1343 1832 1391; baseline 0.001 -11"><span class='ocrx_word' id='word_1_246' title='bbox 180 1344 272 1380; x_wconf 81' lang='lat' dir='ltr'>erius</span> <span class='ocrx_word' id='word_1_247' title='bbox 300 1344 555 1380; x_wconf 81' lang='lat' dir='ltr'>conficiendam</span> <span class='ocrx_word' id='word_1_248' title='bbox 594 1345 767 1379; x_wconf 80' lang='lat' dir='ltr'>animaret</span> <span class='ocrx_word' id='word_1_249' title='bbox 788 1371 797 1379; x_wconf 90' lang='lat'>.</span> <span class='ocrx_word' id='word_1_250' title='bbox 838 1346 949 1379; x_wconf 90' lang='lat' dir='ltr'>Anno</span> <span class='ocrx_word' id='word_1_251' title='bbox 1065 1354 1123 1388; x_wconf 81' lang='lat'>31.</span> <span class='ocrx_word' id='word_1_252' title='bbox 1152 1345 1240 1390; x_wconf 82' lang='lat' dir='ltr'>Cap.</span> <span class='ocrx_word' id='word_1_253' title='bbox 1261 1355 1296 1389; x_wconf 89' lang='lat'>7.</span> <span class='ocrx_word' id='word_1_254' title='bbox 1318 1343 1452 1379; x_wconf 83' lang='lat' dir='ltr'>Histor.</span> <span class='ocrx_word' id='word_1_255' title='bbox 1477 1344 1575 1391; x_wconf 82' lang='lat' dir='ltr'>cujus</span> <span class='ocrx_word' id='word_1_256' title='bbox 1600 1345 1706 1380; x_wconf 87' lang='lat' dir='ltr'>verba</span> <span class='ocrx_word' id='word_1_257' title='bbox 1731 1344 1832 1381; x_wconf 82' lang='lat' dir='ltr'>sunt:</span> 
     </span>
     <span class='ocr_line' id='line_1_24' title="bbox 178 1395 1837 1441; baseline -0.001 -11"><span class='ocrx_word' id='word_1_258' title='bbox 178 1396 467 1431; x_wconf 83' lang='lat' dir='ltr'><strong>MCCLxVIII.</strong></span> <span class='ocrx_word' id='word_1_259' title='bbox 494 1404 683 1439; x_wconf 81' lang='lat' dir='ltr'>antequam</span> <span class='ocrx_word' id='word_1_260' title='bbox 726 1395 949 1429; x_wconf 78' lang='lat' dir='ltr'>teterrimum</span> <span class='ocrx_word' id='word_1_261' title='bbox 1062 1396 1110 1427; x_wconf 85' lang='lat' dir='ltr'>Et</span> <span class='ocrx_word' id='word_1_262' title='bbox 1137 1395 1280 1428; x_wconf 85' lang='lat' dir='ltr'>Romani</span> <span class='ocrx_word' id='word_1_263' title='bbox 1315 1395 1441 1441; x_wconf 83' lang='lat' dir='ltr'>quidem</span> <span class='ocrx_word' id='word_1_264' title='bbox 1467 1408 1540 1428; x_wconf 85' lang='lat' dir='ltr'>voce</span> <span class='ocrx_word' id='word_1_265' title='bbox 1568 1395 1706 1441; x_wconf 83' lang='lat' dir='ltr'>undique</span> <span class='ocrx_word' id='word_1_266' title='bbox 1735 1398 1837 1431; x_wconf 85' lang='lat' dir='ltr'>Mar-</span> 
     </span>
     <span class='ocr_line' id='line_1_25' title="bbox 180 1443 1836 1614; baseline 0.001 -134"><span class='ocrx_word' id='word_1_267' title='bbox 180 1445 354 1494; x_wconf 79' lang='lat' dir='ltr'>proelium</span> <span class='ocrx_word' id='word_1_268' title='bbox 385 1446 479 1480; x_wconf 85' lang='lat' dir='ltr'>inter</span> <span class='ocrx_word' id='word_1_269' title='bbox 515 1444 633 1492; x_wconf 84' lang='lat' dir='ltr'>copias</span> <span class='ocrx_word' id='word_1_270' title='bbox 674 1443 801 1480; x_wconf 88' lang='lat' dir='ltr'>Caroli</span> <span class='ocrx_word' id='word_1_271' title='bbox 838 1444 866 1479; x_wconf 89' lang='lat' dir='ltr'>I.</span> <span class='ocrx_word' id='word_1_272' title='bbox 896 1444 950 1478; x_wconf 88' lang='lat' dir='ltr'>Si-</span> <span class='ocrx_word' id='word_1_273' title='bbox 1031 1456 1036 1614; x_wconf 69' lang='grc' dir='ltr'>Ι</span> <span class='ocrx_word' id='word_1_274' title='bbox 1062 1444 1112 1477; x_wconf 66' lang='lat' dir='ltr'>tit?</span> <span class='ocrx_word' id='word_1_275' title='bbox 1139 1445 1354 1489; x_wconf 75' lang='lat' dir='ltr'>concinentes,</span> <span class='ocrx_word' id='word_1_276' title='bbox 1381 1461 1401 1480; x_wconf 87' lang='lat' dir='ltr'>a</span> <span class='ocrx_word' id='word_1_277' title='bbox 1435 1445 1552 1479; x_wconf 83' lang='lat' dir='ltr'>minore</span> <span class='ocrx_word' id='word_1_278' title='bbox 1573 1446 1673 1489; x_wconf 58' lang='lat' dir='ltr'>solite?</span> <span class='ocrx_word' id='word_1_279' title='bbox 1695 1447 1741 1481; x_wconf 78' lang='lat' dir='ltr'>ad</span> <span class='ocrx_word' id='word_1_280' title='bbox 1766 1460 1836 1482; x_wconf 80' lang='lat' dir='ltr'>ma-</span> 
     </span>
     <span class='ocr_line' id='line_1_26' title="bbox 975 1545 1035 1667; baseline 0.067 -25"><span class='ocrx_word' id='word_1_281' title='bbox 975 1545 1035 1667; x_wconf 49' lang='lat' dir='ltr'>[ff</span> 
     </span>
    </p>
   </div>
   <div class='ocr_carea' id='block_1_5' title="bbox 1033 1081 1036 1169">
    <p class='ocr_par' dir='ltr' id='par_1_5' title="bbox 1033 1081 1036 1169">
     <span class='ocr_line' id='line_1_27' title="bbox 1033 1081 1036 1169; baseline 0 0"><span class='ocrx_word' id='word_1_282' title='bbox 1033 1081 1036 1169; x_wconf 95' lang='lat' dir='ltr'> </span> 
     </span>
    </p>
   </div>
   <div class='ocr_carea' id='block_1_6' title="bbox 973 1077 977 1182">
    <p class='ocr_par' dir='ltr' id='par_1_6' title="bbox 973 1077 977 1182">
     <span class='ocr_line' id='line_1_28' title="bbox 973 1077 977 1182; baseline 0 1949"><span class='ocrx_word' id='word_1_283' title='bbox 973 1077 977 1182; x_wconf 95' lang='lat' dir='ltr'> </span> 
     </span>
    </p>
   </div>
   <div class='ocr_carea' id='block_1_7' title="bbox 178 1492 1838 1643">
    <p class='ocr_par' dir='ltr' id='par_1_7' title="bbox 178 1492 1838 1643">
     <span class='ocr_line' id='line_1_29' title="bbox 180 1492 1838 1543; baseline 0.001 -13"><span class='ocrx_word' id='word_1_284' title='bbox 180 1495 286 1530; x_wconf 84' lang='lat' dir='ltr'>ciliae</span> <span class='ocrx_word' id='word_1_285' title='bbox 330 1496 433 1543; x_wconf 86' lang='lat' dir='ltr'>Regis</span> <span class='ocrx_word' id='word_1_286' title='bbox 457 1519 468 1534; x_wconf 92' lang='lat'>‚</span> <span class='ocrx_word' id='word_1_287' title='bbox 525 1496 559 1529; x_wconf 71' lang='grc' dir='ltr'>ὃ(</span> <span class='ocrx_word' id='word_1_288' title='bbox 602 1495 799 1530; x_wconf 76' lang='lat' dir='ltr'>Cenradini</span> <span class='ocrx_word' id='word_1_289' title='bbox 843 1497 949 1542; x_wconf 82' lang='lat' dir='ltr'>Regis</span> <span class='ocrx_word' id='word_1_290' title='bbox 1061 1492 1157 1541; x_wconf 75' lang='lat' dir='ltr'>jorem</span> <span class='ocrx_word' id='word_1_291' title='bbox 1182 1496 1330 1541; x_wconf 81' lang='lat' dir='ltr'>protolli,</span> <span class='ocrx_word' id='word_1_292' title='bbox 1357 1508 1451 1542; x_wconf 84' lang='lat' dir='ltr'><em>quam</em></span> <span class='ocrx_word' id='word_1_293' title='bbox 1467 1497 1653 1543; x_wconf 79' lang='lat' dir='ltr'>gentilitate</span> <span class='ocrx_word' id='word_1_294' title='bbox 1671 1498 1838 1543; x_wconf 80' lang='lat' dir='ltr'>appellant</span> 
     </span>
     <span class='ocr_line' id='line_1_30' title="bbox 180 1544 1838 1592; baseline 0.001 -12"><span class='ocrx_word' id='word_1_295' title='bbox 180 1544 488 1590; x_wconf 80' lang='lat' dir='ltr'>committeretur,</span> <span class='ocrx_word' id='word_1_296' title='bbox 517 1545 571 1580; x_wconf 90' lang='lat' dir='ltr'>uti</span> <span class='ocrx_word' id='word_1_297' title='bbox 593 1544 715 1580; x_wconf 86' lang='lat' dir='ltr'>scribit</span> <span class='ocrx_word' id='word_1_298' title='bbox 738 1546 840 1580; x_wconf 85' lang='lat' dir='ltr'>Sabas</span> <span class='ocrx_word' id='word_1_299' title='bbox 865 1544 950 1579; x_wconf 87' lang='lat' dir='ltr'>Ma·</span> <span class='ocrx_word' id='word_1_300' title='bbox 1061 1546 1231 1579; x_wconf 52' lang='lat' dir='ltr'>Raditum</span> <span class='ocrx_word' id='word_1_301' title='bbox 1248 1572 1257 1588; x_wconf 92' lang='lat'>‚</span> <span class='ocrx_word' id='word_1_302' title='bbox 1284 1546 1372 1578; x_wconf 84' lang='lat' dir='ltr'>vires</span> <span class='ocrx_word' id='word_1_303' title='bbox 1397 1546 1530 1580; x_wconf 65' lang='lat' dir='ltr'>validas</span> <span class='ocrx_word' id='word_1_304' title='bbox 1555 1547 1720 1592; x_wconf 81' lang='lat' dir='ltr'>erigebant</span> <span class='ocrx_word' id='word_1_305' title='bbox 1737 1573 1746 1582; x_wconf 86' lang='lat'><strong>.</strong></span> <span class='ocrx_word' id='word_1_306' title='bbox 1777 1548 1838 1582; x_wconf 89' lang='lat' dir='ltr'>In-</span> 
     </span>
     <span class='ocr_line' id='line_1_31' title="bbox 178 1595 952 1643; baseline -0.001 -12"><span class='ocrx_word' id='word_1_307' title='bbox 178 1595 312 1641; x_wconf 85' lang='lat' dir='ltr'>laspina</span> <span class='ocrx_word' id='word_1_308' title='bbox 344 1595 426 1632; x_wconf 88' lang='lat' dir='ltr'>Lib.</span> <span class='ocrx_word' id='word_1_309' title='bbox 454 1610 490 1643; x_wconf 88' lang='lat'>4.</span> <span class='ocrx_word' id='word_1_310' title='bbox 515 1598 602 1638; x_wconf 75' lang='lat' dir='ltr'>Cap.</span> <span class='ocrx_word' id='word_1_311' title='bbox 637 1607 692 1630; x_wconf 93' lang='lat'>10.</span> <span class='ocrx_word' id='word_1_312' title='bbox 725 1596 851 1631; x_wconf 82' lang='lat' dir='ltr'>Histor.</span> <span class='ocrx_word' id='word_1_313' title='bbox 876 1598 952 1631; x_wconf 89' lang='grc' dir='ltr'>Το-</span> 
     </span>
    </p>
   </div>
   <div class='ocr_carea' id='block_1_8' title="bbox 179 1646 954 1683">
    <p class='ocr_par' dir='ltr' id='par_1_8' title="bbox 179 1646 954 1683">
     <span class='ocr_line' id='line_1_32' title="bbox 179 1646 954 1683; baseline -0.003 -1"><span class='ocrx_word' id='word_1_314' title='bbox 179 1659 239 1682; x_wconf 87' lang='lat' dir='ltr'>mo</span> <span class='ocrx_word' id='word_1_315' title='bbox 268 1648 370 1682; x_wconf 81' lang='lat' dir='ltr'>V111.</span> <span class='ocrx_word' id='word_1_316' title='bbox 400 1649 487 1683; x_wconf 85' lang='lat' dir='ltr'>Rer.</span> <span class='ocrx_word' id='word_1_317' title='bbox 517 1646 683 1682; x_wconf 86' lang='lat' dir='ltr'>Italicar.</span> <span class='ocrx_word' id='word_1_318' title='bbox 709 1648 884 1681; x_wconf 65' lang='lat' dir='ltr'>cohortibus</span> <span class='ocrx_word' id='word_1_319' title='bbox 909 1649 954 1681; x_wconf 81' lang='lat' dir='ltr'>ad</span> 
     </span>
    </p>
   </div>
   <div class='ocr_carea' id='block_1_9' title="bbox 1062 1594 1837 1694">
    <p class='ocr_par' dir='ltr' id='par_1_9' title="bbox 1062 1594 1837 1694">
     <span class='ocr_line' id='line_1_33' title="bbox 1062 1594 1834 1643; baseline 0.005 -14"><span class='ocrx_word' id='word_1_320' title='bbox 1062 1594 1227 1630; x_wconf 73' lang='lat' dir='ltr'>conditus</span> <span class='ocrx_word' id='word_1_321' title='bbox 1256 1594 1315 1630; x_wconf 86' lang='lat' dir='ltr'>hic</span> <span class='ocrx_word' id='word_1_322' title='bbox 1343 1596 1501 1638; x_wconf 80' lang='lat' dir='ltr'>clamor,</span> <span class='ocrx_word' id='word_1_323' title='bbox 1543 1609 1648 1643; x_wconf 88' lang='lat' dir='ltr'>quem</span> <span class='ocrx_word' id='word_1_324' title='bbox 1690 1598 1834 1634; x_wconf 83' lang='lat' dir='ltr'>Paullus</span> 
     </span>
     <span class='ocr_line' id='line_1_34' title="bbox 1064 1644 1837 1694; baseline 0.005 -15"><span class='ocrx_word' id='word_1_325' title='bbox 1064 1648 1244 1681; x_wconf 72' lang='lat' dir='ltr'>Dzaconus</span> <span class='ocrx_word' id='word_1_326' title='bbox 1272 1644 1311 1681; x_wconf 82' lang='lat'>&amp;</span> <span class='ocrx_word' id='word_1_327' title='bbox 1352 1645 1425 1694; x_wconf 85' lang='lat' dir='ltr'>ipse</span> <span class='ocrx_word' id='word_1_328' title='bbox 1465 1647 1623 1681; x_wconf 80' lang='lat' dir='ltr'>Bellicum</span> <span class='ocrx_word' id='word_1_329' title='bbox 1659 1648 1837 1683; x_wconf 84' lang='lat' dir='ltr'>Clamorem</span> 
     </span>
    </p>
   </div>
   <div class='ocr_carea' id='block_1_10' title="bbox 177 1697 1836 2103">
    <p class='ocr_par' dir='ltr' id='par_1_10' title="bbox 177 1697 1836 2103">
     <span class='ocr_line' id='line_1_35' title="bbox 179 1697 1834 1745; baseline 0.002 -13"><span class='ocrx_word' id='word_1_330' title='bbox 179 1698 266 1732; x_wconf 85' lang='lat' dir='ltr'>hella</span> <span class='ocrx_word' id='word_1_331' title='bbox 291 1697 474 1744; x_wconf 76' lang='lat' dir='ltr'>dispositis,</span> <span class='ocrx_word' id='word_1_332' title='bbox 515 1699 609 1732; x_wconf 80' lang='lat' dir='ltr'>tubae</span> <span class='ocrx_word' id='word_1_333' title='bbox 643 1698 778 1742; x_wconf 77' lang='lat' dir='ltr'>vicrffim</span> <span class='ocrx_word' id='word_1_334' title='bbox 805 1698 953 1732; x_wconf 78' lang='lat' dir='ltr'>Sonitum</span> <span class='ocrx_word' id='word_1_335' title='bbox 1062 1699 1219 1745; x_wconf 77' lang='lat' dir='ltr'>appellat</span> <span class='ocrx_word' id='word_1_336' title='bbox 1243 1721 1254 1736; x_wconf 93' lang='lat'><em>,</em></span> <span class='ocrx_word' id='word_1_337' title='bbox 1305 1697 1395 1745; x_wconf 89' lang='lat' dir='ltr'>apud</span> <span class='ocrx_word' id='word_1_338' title='bbox 1439 1699 1590 1733; x_wconf 87' lang='lat' dir='ltr'>Francos</span> <span class='ocrx_word' id='word_1_339' title='bbox 1634 1698 1834 1745; x_wconf 84' lang='lat' dir='ltr'>posterioris</span> 
     </span>
     <span class='ocr_line' id='line_1_36' title="bbox 177 1747 1835 1798; baseline 0.001 -15"><span class='ocrx_word' id='word_1_340' title='bbox 177 1752 260 1784; x_wconf 83' lang='lat' dir='ltr'>dant</span> <span class='ocrx_word' id='word_1_341' title='bbox 302 1749 477 1783; x_wconf 78' lang='lat' dir='ltr'>terribilem</span> <span class='ocrx_word' id='word_1_342' title='bbox 504 1776 513 1791; x_wconf 87' lang='lat'><strong>‚</strong></span> <span class='ocrx_word' id='word_1_343' title='bbox 555 1759 740 1791; x_wconf 79' lang='lat' dir='ltr'>concrepant</span> <span class='ocrx_word' id='word_1_344' title='bbox 779 1748 953 1793; x_wconf 67' lang='lat' dir='ltr'>cymbala,</span> <span class='ocrx_word' id='word_1_345' title='bbox 1062 1749 1164 1786; x_wconf 87' lang='lat' dir='ltr'>aevi,</span> <span class='ocrx_word' id='word_1_346' title='bbox 1201 1747 1314 1788; x_wconf 86' lang='lat' dir='ltr'>Huefit&#39;</span> <span class='ocrx_word' id='word_1_347' title='bbox 1340 1760 1470 1782; x_wconf 88' lang='lat' dir='ltr'>nomen</span> <span class='ocrx_word' id='word_1_348' title='bbox 1498 1748 1657 1798; x_wconf 86' lang='lat' dir='ltr'>accepit,</span> <span class='ocrx_word' id='word_1_349' title='bbox 1698 1762 1718 1784; x_wconf 86' lang='lat' dir='ltr'>a</span> <span class='ocrx_word' id='word_1_350' title='bbox 1746 1763 1835 1786; x_wconf 89' lang='lat' dir='ltr'>voce</span> 
     </span>
     <span class='ocr_line' id='line_1_37' title="bbox 178 1798 1834 1847; baseline 0.001 -15"><span class='ocrx_word' id='word_1_351' title='bbox 178 1799 293 1834; x_wconf 84' lang='lat' dir='ltr'>coelum</span> <span class='ocrx_word' id='word_1_352' title='bbox 320 1799 455 1846; x_wconf 83' lang='lat' dir='ltr'>remugit</span> <span class='ocrx_word' id='word_1_353' title='bbox 481 1798 672 1834; x_wconf 80' lang='lat' dir='ltr'>clamoribus</span> <span class='ocrx_word' id='word_1_354' title='bbox 699 1799 871 1835; x_wconf 75' lang='lat' dir='ltr'>tonitruis.</span> <span class='ocrx_word' id='word_1_355' title='bbox 900 1799 954 1836; x_wconf 84' lang='lat' dir='ltr'>Ita</span> <span class='ocrx_word' id='word_1_356' title='bbox 1061 1802 1170 1832; x_wconf 80' lang='lat' dir='ltr'>Huer:</span> <span class='ocrx_word' id='word_1_357' title='bbox 1215 1807 1320 1845; x_wconf 85' lang='lat' dir='ltr'>atque</span> <span class='ocrx_word' id='word_1_358' title='bbox 1360 1798 1442 1833; x_wconf 86' lang='lat' dir='ltr'>inde</span> <span class='ocrx_word' id='word_1_359' title='bbox 1464 1825 1474 1841; x_wconf 93' lang='lat'>‚</span> <span class='ocrx_word' id='word_1_360' title='bbox 1513 1808 1553 1834; x_wconf 93' lang='lat' dir='ltr'>ut</span> <span class='ocrx_word' id='word_1_361' title='bbox 1596 1798 1752 1847; x_wconf 87' lang='lat' dir='ltr'>opinor,</span> <span class='ocrx_word' id='word_1_362' title='bbox 1795 1801 1834 1836; x_wconf 83' lang='lat' dir='ltr'>in</span> 
     </span>
     <span class='ocr_line' id='line_1_38' title="bbox 179 1848 1834 1898; baseline -0.001 -13"><span class='ocrx_word' id='word_1_363' title='bbox 179 1849 266 1885; x_wconf 85' lang='lat' dir='ltr'>duos</span> <span class='ocrx_word' id='word_1_364' title='bbox 310 1859 391 1886; x_wconf 86' lang='lat' dir='ltr'>ante</span> <span class='ocrx_word' id='word_1_365' title='bbox 432 1864 543 1886; x_wconf 88' lang='lat' dir='ltr'>annos</span> <span class='ocrx_word' id='word_1_366' title='bbox 569 1878 580 1894; x_wconf 89' lang='lat'>‚</span> <span class='ocrx_word' id='word_1_367' title='bbox 622 1849 689 1884; x_wconf 77' lang='lat' dir='ltr'>hoc</span> <span class='ocrx_word' id='word_1_368' title='bbox 732 1850 802 1890; x_wconf 80' lang='lat' dir='ltr'>est,</span> <span class='ocrx_word' id='word_1_369' title='bbox 847 1853 954 1886; x_wconf 79' lang='lat' dir='ltr'>Anno</span> <span class='ocrx_word' id='word_1_370' title='bbox 1063 1848 1321 1884; x_wconf 68' lang='lat' dir='ltr'>Mutinenfium</span> <span class='ocrx_word' id='word_1_371' title='bbox 1341 1848 1522 1898; x_wconf 86' lang='lat' dir='ltr'>Linguam</span> <span class='ocrx_word' id='word_1_372' title='bbox 1543 1849 1834 1895; x_wconf 75' lang='lat' dir='ltr'>descendit‚sare</span> 
     </span>
     <span class='ocr_line' id='line_1_39' title="bbox 178 1900 1836 1949; baseline 0 -12"><span class='ocrx_word' id='word_1_373' title='bbox 178 1902 430 1937; x_wconf 88' lang='lat' dir='ltr'>MCCLXVI.</span> <span class='ocrx_word' id='word_1_374' title='bbox 457 1902 540 1938; x_wconf 88' lang='lat' dir='ltr'>dum</span> <span class='ocrx_word' id='word_1_375' title='bbox 575 1901 616 1937; x_wconf 90' lang='lat' dir='ltr'>ad</span> <span class='ocrx_word' id='word_1_376' title='bbox 649 1914 800 1948; x_wconf 61' lang='lat' dir='ltr'>pugnam</span> <span class='ocrx_word' id='word_1_377' title='bbox 834 1915 953 1949; x_wconf 78' lang='lat' dir='ltr'>proce·</span> <span class='ocrx_word' id='word_1_378' title='bbox 1059 1913 1143 1946; x_wconf 84' lang='lat' dir='ltr'>gran</span> <span class='ocrx_word' id='word_1_379' title='bbox 1183 1900 1300 1935; x_wconf 82' lang='lat' dir='ltr'>Vernia</span> <span class='ocrx_word' id='word_1_380' title='bbox 1335 1900 1435 1935; x_wconf 83' lang='lat' dir='ltr'>dietro</span> <span class='ocrx_word' id='word_1_381' title='bbox 1470 1901 1515 1935; x_wconf 78' lang='lat' dir='ltr'>ad</span> <span class='ocrx_word' id='word_1_382' title='bbox 1547 1901 1684 1936; x_wconf 79' lang='lat' dir='ltr'>alcuna.</span> <span class='ocrx_word' id='word_1_383' title='bbox 1723 1901 1836 1938; x_wconf 82' lang='lat' dir='ltr'>Nihil</span> 
     </span>
     <span class='ocr_line' id='line_1_40' title="bbox 177 1950 1835 2001; baseline 0 -15"><span class='ocrx_word' id='word_1_384' title='bbox 177 1952 300 1987; x_wconf 84' lang='lat' dir='ltr'>derent</span> <span class='ocrx_word' id='word_1_385' title='bbox 328 1953 479 2001; x_wconf 82' lang='lat' dir='ltr'>ejusdem</span> <span class='ocrx_word' id='word_1_386' title='bbox 509 1952 662 1995; x_wconf 79' lang='lat' dir='ltr'>Caroli,</span> <span class='ocrx_word' id='word_1_387' title='bbox 702 1951 737 1988; x_wconf 71' lang='grc' dir='ltr'>ἃ</span> <span class='ocrx_word' id='word_1_388' title='bbox 771 1952 951 1988; x_wconf 67' lang='lat' dir='ltr'>Manfredi</span> <span class='ocrx_word' id='word_1_389' title='bbox 1062 1951 1158 1987; x_wconf 86' lang='lat' dir='ltr'>enirn</span> <span class='ocrx_word' id='word_1_390' title='bbox 1181 1951 1275 1986; x_wconf 87' lang='lat' dir='ltr'>aliud</span> <span class='ocrx_word' id='word_1_391' title='bbox 1300 1951 1417 1986; x_wconf 86' lang='lat' dir='ltr'>Vernia</span> <span class='ocrx_word' id='word_1_392' title='bbox 1443 1950 1605 1996; x_wconf 83' lang='lat' dir='ltr'>videtur,</span> <span class='ocrx_word' id='word_1_393' title='bbox 1633 1951 1697 1987; x_wconf 85' lang='lat' dir='ltr'>nifi</span> <span class='ocrx_word' id='word_1_394' title='bbox 1726 1955 1835 1987; x_wconf 88' lang='lat' dir='ltr'>Huer-</span> 
     </span>
     <span class='ocr_line' id='line_1_41' title="bbox 180 2001 1835 2052; baseline 0.001 -15"><span class='ocrx_word' id='word_1_395' title='bbox 180 2003 288 2052; x_wconf 87' lang='lat' dir='ltr'>Regis</span> <span class='ocrx_word' id='word_1_396' title='bbox 329 2005 507 2040; x_wconf 74' lang='lat' dir='ltr'>exercitus</span> <span class='ocrx_word' id='word_1_397' title='bbox 534 2032 544 2048; x_wconf 85' lang='lat'>,</span> <span class='ocrx_word' id='word_1_398' title='bbox 587 2004 667 2040; x_wconf 84' lang='lat' dir='ltr'>teste</span> <span class='ocrx_word' id='word_1_399' title='bbox 713 2006 869 2040; x_wconf 70' lang='lat' dir='ltr'>Nicolao</span> <span class='ocrx_word' id='word_1_400' title='bbox 912 2005 953 2039; x_wconf 87' lang='lat' dir='ltr'>de</span> <span class='ocrx_word' id='word_1_401' title='bbox 1064 2003 1139 2037; x_wconf 79' lang='lat' dir='ltr'>nia,</span> <span class='ocrx_word' id='word_1_402' title='bbox 1178 2003 1310 2037; x_wconf 77' lang='lat' dir='ltr'>Verum</span> <span class='ocrx_word' id='word_1_403' title='bbox 1348 2002 1390 2037; x_wconf 90' lang='lat' dir='ltr'>de</span> <span class='ocrx_word' id='word_1_404' title='bbox 1427 2001 1490 2038; x_wconf 87' lang='lat' dir='ltr'>isto</span> <span class='ocrx_word' id='word_1_405' title='bbox 1529 2003 1598 2039; x_wconf 87' lang='lat' dir='ltr'>ritu</span> <span class='ocrx_word' id='word_1_406' title='bbox 1627 2015 1666 2039; x_wconf 88' lang='lat' dir='ltr'>ac</span> <span class='ocrx_word' id='word_1_407' title='bbox 1693 2002 1835 2039; x_wconf 75' lang='lat' dir='ltr'>militari</span> 
     </span>
     <span class='ocr_line' id='line_1_42' title="bbox 181 2053 1835 2103; baseline 0.002 -15"><span class='ocrx_word' id='word_1_408' title='bbox 181 2053 335 2096; x_wconf 74' lang='lat' dir='ltr'>Jamstlla</span> <span class='ocrx_word' id='word_1_409' title='bbox 363 2055 401 2090; x_wconf 89' lang='lat' dir='ltr'>in</span> <span class='ocrx_word' id='word_1_410' title='bbox 430 2055 552 2090; x_wconf 88' lang='lat' dir='ltr'>eodem</span> <span class='ocrx_word' id='word_1_411' title='bbox 581 2057 703 2090; x_wconf 86' lang='lat' dir='ltr'>Tomo</span> <span class='ocrx_word' id='word_1_412' title='bbox 743 2057 846 2090; x_wconf 76' lang='lat' dir='ltr'>VIlI.</span> <span class='ocrx_word' id='word_1_413' title='bbox 877 2068 952 2103; x_wconf 74' lang='lat' dir='ltr'>pag.</span> <span class='ocrx_word' id='word_1_414' title='bbox 980 2057 983 2084; x_wconf 76' lang='lat' dir='ltr'>l</span> <span class='ocrx_word' id='word_1_415' title='bbox 1037 2054 1149 2100; x_wconf 72' lang='lat' dir='ltr'>=figno</span> <span class='ocrx_word' id='word_1_416' title='bbox 1170 2054 1246 2099; x_wconf 84' lang='lat' dir='ltr'>(ita</span> <span class='ocrx_word' id='word_1_417' title='bbox 1274 2053 1370 2089; x_wconf 88' lang='lat' dir='ltr'>enirn</span> <span class='ocrx_word' id='word_1_418' title='bbox 1393 2066 1411 2088; x_wconf 90' lang='lat' dir='ltr'>a</span> <span class='ocrx_word' id='word_1_419' title='bbox 1434 2055 1591 2090; x_wconf 88' lang='lat' dir='ltr'>nonullis</span> <span class='ocrx_word' id='word_1_420' title='bbox 1612 2053 1721 2090; x_wconf 84' lang='lat' dir='ltr'>etiam</span> <span class='ocrx_word' id='word_1_421' title='bbox 1742 2068 1835 2091; x_wconf 88' lang='lat' dir='ltr'>nun-</span> 
     </span>
    </p>
   </div>
   <div class='ocr_carea' id='block_1_11' title="bbox 178 2091 1023 2306">
    <p class='ocr_par' dir='ltr' id='par_1_11' title="bbox 178 2091 1023 2306">
     <span class='ocr_line' id='line_1_43' title="bbox 181 2091 1023 2149; baseline -0.001 -10"><span class='ocrx_word' id='word_1_422' title='bbox 181 2108 266 2149; x_wconf 75' lang='lat'>605.</span> <span class='ocrx_word' id='word_1_423' title='bbox 306 2106 436 2140; x_wconf 85' lang='lat' dir='ltr'>Clamor</span> <span class='ocrx_word' id='word_1_424' title='bbox 483 2106 604 2140; x_wconf 85' lang='lat' dir='ltr'>aethere</span> <span class='ocrx_word' id='word_1_425' title='bbox 643 2116 753 2140; x_wconf 81' lang='lat' dir='ltr'>tantus</span> <span class='ocrx_word' id='word_1_426' title='bbox 793 2107 954 2149; x_wconf 76' lang='lat' dir='ltr'>insonuit,</span> <span class='ocrx_word' id='word_1_427' title='bbox 981 2091 1023 2124; x_wconf 31' lang='lat' dir='ltr'>‘E</span> 
     </span>
     <span class='ocr_line' id='line_1_44' title="bbox 178 2154 956 2203; baseline 0.001 -15"><span class='ocrx_word' id='word_1_428' title='bbox 178 2159 293 2202; x_wconf 79' lang='lat' dir='ltr'>quod,</span> <span class='ocrx_word' id='word_1_429' title='bbox 318 2154 398 2196; x_wconf 82' lang='lat' dir='ltr'>licut</span> <span class='ocrx_word' id='word_1_430' title='bbox 434 2156 533 2198; x_wconf 72' lang='lat' dir='ltr'>fertur</span> <span class='ocrx_word' id='word_1_431' title='bbox 556 2180 567 2196; x_wconf 86' lang='lat'><strong><em>,</em></strong></span> <span class='ocrx_word' id='word_1_432' title='bbox 603 2156 697 2203; x_wconf 72' lang='lat' dir='ltr'>usque</span> <span class='ocrx_word' id='word_1_433' title='bbox 740 2158 785 2190; x_wconf 86' lang='lat' dir='ltr'>ad</span> <span class='ocrx_word' id='word_1_434' title='bbox 822 2156 956 2199; x_wconf 66' lang='lat' dir='ltr'>Alzsnm</span> 
     </span>
     <span class='ocr_line' id='line_1_45' title="bbox 179 2206 955 2250; baseline 0.003 -11"><span class='ocrx_word' id='word_1_435' title='bbox 179 2216 295 2240; x_wconf 84' lang='lat' dir='ltr'>ventus</span> <span class='ocrx_word' id='word_1_436' title='bbox 325 2207 458 2250; x_wconf 84' lang='lat' dir='ltr'>impulit</span> <span class='ocrx_word' id='word_1_437' title='bbox 484 2221 596 2242; x_wconf 82' lang='lat' dir='ltr'>vocum</span> <span class='ocrx_word' id='word_1_438' title='bbox 618 2221 800 2242; x_wconf 81' lang='lat' dir='ltr'>murmura.</span> <span class='ocrx_word' id='word_1_439' title='bbox 838 2206 879 2242; x_wconf 89' lang='lat' dir='ltr'>In</span> <span class='ocrx_word' id='word_1_440' title='bbox 917 2221 955 2241; x_wconf 83' lang='lat' dir='ltr'>ea</span> 
     </span>
     <span class='ocr_line' id='line_1_46' title="bbox 180 2258 958 2306; baseline -0.001 -14"><span class='ocrx_word' id='word_1_441' title='bbox 180 2269 325 2306; x_wconf 86' lang='lat' dir='ltr'>quoque</span> <span class='ocrx_word' id='word_1_442' title='bbox 379 2271 493 2305; x_wconf 83' lang='lat' dir='ltr'>pugna</span> <span class='ocrx_word' id='word_1_443' title='bbox 535 2258 696 2294; x_wconf 82' lang='lat' dir='ltr'>Saraceni</span> <span class='ocrx_word' id='word_1_444' title='bbox 738 2259 880 2294; x_wconf 84' lang='lat' dir='ltr'>clamant</span> <span class='ocrx_word' id='word_1_445' title='bbox 921 2266 958 2292; x_wconf 68' lang='lat' dir='ltr'>cte</span> 
     </span>
    </p>
   </div>
   <div class='ocr_carea' id='block_1_12' title="bbox 179 2309 955 2357">
    <p class='ocr_par' dir='ltr' id='par_1_12' title="bbox 179 2309 955 2357">
     <span class='ocr_line' id='line_1_47' title="bbox 179 2309 955 2357; baseline 0.001 -15"><span class='ocrx_word' id='word_1_446' title='bbox 179 2320 281 2349; x_wconf 87' lang='lat' dir='ltr'>more,</span> <span class='ocrx_word' id='word_1_447' title='bbox 318 2318 366 2348; x_wconf 67' lang='lat'>(9⁹</span> <span class='ocrx_word' id='word_1_448' title='bbox 393 2310 483 2357; x_wconf 75' lang='lat' dir='ltr'>quali</span> <span class='ocrx_word' id='word_1_449' title='bbox 509 2313 651 2344; x_wconf 81' lang='lat' dir='ltr'>cadentes</span> <span class='ocrx_word' id='word_1_450' title='bbox 689 2309 786 2353; x_wconf 81' lang='lat' dir='ltr'>hostes</span> <span class='ocrx_word' id='word_1_451' title='bbox 823 2320 955 2343; x_wconf 75' lang='lat' dir='ltr'>contere—</span> 
     </span>
    </p>
   </div>
   <div class='ocr_carea' id='block_1_13' title="bbox 259 2103 1837 2467">
    <p class='ocr_par' dir='ltr' id='par_1_13' title="bbox 1038 2103 1837 2155">
     <span class='ocr_line' id='line_1_48' title="bbox 1038 2103 1837 2155; baseline 0.005 -16"><span class='ocrx_word' id='word_1_452' title='bbox 1038 2129 1040 2133; x_wconf 35' lang='grc' dir='ltr'><strong><em>ι</em></strong></span> <span class='ocrx_word' id='word_1_453' title='bbox 1065 2110 1242 2152; x_wconf 65' lang='lat' dir='ltr'>cupatur)</span> <span class='ocrx_word' id='word_1_454' title='bbox 1272 2103 1293 2139; x_wconf 90' lang='lat' dir='ltr'>fi</span> <span class='ocrx_word' id='word_1_455' title='bbox 1331 2104 1412 2152; x_wconf 84' lang='lat' dir='ltr'>quis</span> <span class='ocrx_word' id='word_1_456' title='bbox 1441 2104 1603 2141; x_wconf 84' lang='lat' dir='ltr'>uberiora</span> <span class='ocrx_word' id='word_1_457' title='bbox 1634 2105 1763 2155; x_wconf 84' lang='lat' dir='ltr'>cupit,</span> <span class='ocrx_word' id='word_1_458' title='bbox 1797 2120 1837 2143; x_wconf 87' lang='lat' dir='ltr'>e-</span> 
     </span>
    </p>

    <p class='ocr_par' dir='ltr' id='par_1_14' title="bbox 1065 2154 1835 2205">
     <span class='ocr_line' id='line_1_49' title="bbox 1065 2154 1835 2205; baseline 0.004 -15"><span class='ocrx_word' id='word_1_459' title='bbox 1065 2154 1316 2191; x_wconf 78' lang='lat' dir='ltr'>ruditiffimum</span> <span class='ocrx_word' id='word_1_460' title='bbox 1366 2156 1621 2205; x_wconf 83' lang='lat' dir='ltr'>Du—Cangium</span> <span class='ocrx_word' id='word_1_461' title='bbox 1672 2157 1835 2194; x_wconf 80' lang='lat' dir='ltr'>consular</span> 
     </span>
    </p>

    <p class='ocr_par' dir='ltr' id='par_1_15' title="bbox 1065 2206 1832 2253">
     <span class='ocr_line' id='line_1_50' title="bbox 1065 2206 1832 2253; baseline 0.004 -12"><span class='ocrx_word' id='word_1_462' title='bbox 1065 2206 1101 2242; x_wconf 90' lang='lat' dir='ltr'>in</span> <span class='ocrx_word' id='word_1_463' title='bbox 1133 2206 1386 2241; x_wconf 80' lang='lat' dir='ltr'>Differtatione</span> <span class='ocrx_word' id='word_1_464' title='bbox 1414 2208 1476 2242; x_wconf 84' lang='lat' dir='ltr'>XI.</span> <span class='ocrx_word' id='word_1_465' title='bbox 1512 2208 1555 2243; x_wconf 87' lang='lat' dir='ltr'>ad</span> <span class='ocrx_word' id='word_1_466' title='bbox 1590 2207 1832 2253; x_wconf 84' lang='lat' dir='ltr'>Joinvillam,</span> 
     </span>
    </p>

    <p class='ocr_par' dir='ltr' id='par_1_16' title="bbox 1065 2256 1829 2296">
     <span class='ocr_line' id='line_1_51' title="bbox 1065 2256 1829 2296; baseline 0.004 -3"><span class='ocrx_word' id='word_1_467' title='bbox 1065 2256 1103 2293; x_wconf 84' lang='lat'>&amp;</span> <span class='ocrx_word' id='word_1_468' title='bbox 1140 2257 1375 2292; x_wconf 66' lang='lat' dir='ltr'>doffiffimum</span> <span class='ocrx_word' id='word_1_469' title='bbox 1416 2259 1555 2294; x_wconf 86' lang='lat' dir='ltr'>Patrem</span> <span class='ocrx_word' id='word_1_470' title='bbox 1595 2259 1782 2296; x_wconf 86' lang='lat' dir='ltr'>Danielem</span> <span class='ocrx_word' id='word_1_471' title='bbox 1808 2273 1829 2296; x_wconf 89' lang='lat' dir='ltr'>e</span> 
     </span>
    </p>

    <p class='ocr_par' dir='ltr' id='par_1_17' title="bbox 1038 2303 1828 2398">
     <span class='ocr_line' id='line_1_52' title="bbox 1038 2303 1828 2362; baseline 0.006 -20"><span class='ocrx_word' id='word_1_472' title='bbox 1038 2303 1242 2345; x_wconf 71' lang='lat' dir='ltr'>lSocietate</span> <span class='ocrx_word' id='word_1_473' title='bbox 1275 2308 1353 2351; x_wconf 89' lang='lat' dir='ltr'>Jesu</span> <span class='ocrx_word' id='word_1_474' title='bbox 1389 2308 1474 2345; x_wconf 87' lang='lat' dir='ltr'>Lib.</span> <span class='ocrx_word' id='word_1_475' title='bbox 1512 2321 1547 2355; x_wconf 80' lang='grc' dir='ltr'>ς.</span> <span class='ocrx_word' id='word_1_476' title='bbox 1583 2309 1676 2362; x_wconf 89' lang='lat' dir='ltr'>Cap.</span> <span class='ocrx_word' id='word_1_477' title='bbox 1714 2324 1748 2348; x_wconf 85' lang='lat'>2.</span> <span class='ocrx_word' id='word_1_478' title='bbox 1785 2310 1828 2347; x_wconf 88' lang='lat' dir='ltr'>de</span> 
     </span>
     <span class='ocr_line' id='line_1_53' title="bbox 1669 2361 1778 2398; baseline -0.009 0"><span class='ocrx_word' id='word_1_479' title='bbox 1669 2361 1778 2398; x_wconf 83' lang='lat' dir='ltr'>Mili-</span> 
     </span>
    </p>

    <p class='ocr_par' dir='ltr' id='par_1_18' title="bbox 259 2415 1831 2467">
     <span class='ocr_line' id='line_1_54' title="bbox 259 2415 1831 2467; baseline 0 -15"><span class='ocrx_word' id='word_1_480' title='bbox 259 2419 277 2434; x_wconf 75' lang='lat'>&#39;</span> <span class='ocrx_word' id='word_1_481' title='bbox 308 2420 377 2458; x_wconf 86' lang='lat' dir='ltr'>Jam</span> <span class='ocrx_word' id='word_1_482' title='bbox 403 2421 434 2453; x_wconf 84' lang='lat' dir='ltr'>in</span> <span class='ocrx_word' id='word_1_483' title='bbox 458 2419 648 2461; x_wconf 68' lang='lat' dir='ltr'>conspe&amp;u,</span> <span class='ocrx_word' id='word_1_484' title='bbox 679 2420 730 2453; x_wconf 82' lang='lat' dir='ltr'>sed</span> <span class='ocrx_word' id='word_1_485' title='bbox 754 2429 840 2454; x_wconf 76' lang='lat' dir='ltr'>extra</span> <span class='ocrx_word' id='word_1_486' title='bbox 866 2420 921 2451; x_wconf 81' lang='lat' dir='ltr'>teli</span> <span class='ocrx_word' id='word_1_487' title='bbox 951 2418 1068 2458; x_wconf 58' lang='lat' dir='ltr'>jaRum</span> <span class='ocrx_word' id='word_1_488' title='bbox 1091 2431 1218 2460; x_wconf 78' lang='lat' dir='ltr'>utraque</span> <span class='ocrx_word' id='word_1_489' title='bbox 1241 2420 1321 2452; x_wconf 66' lang='lat' dir='ltr'>acies</span> <span class='ocrx_word' id='word_1_490' title='bbox 1342 2428 1426 2462; x_wconf 81' lang='lat' dir='ltr'>erat,</span> <span class='ocrx_word' id='word_1_491' title='bbox 1452 2432 1548 2463; x_wconf 86' lang='lat' dir='ltr'>quum</span> <span class='ocrx_word' id='word_1_492' title='bbox 1565 2422 1696 2467; x_wconf 60' lang='lat' dir='ltr'>⁴priores</span> <span class='ocrx_word' id='word_1_493' title='bbox 1721 2415 1831 2450; x_wconf 80' lang='lat' dir='ltr'>Persae</span> 
     </span>
    </p>
   </div>
   <div class='ocr_carea' id='block_1_14' title="bbox 183 2457 1830 2663">
    <p class='ocr_par' dir='ltr' id='par_1_19' title="bbox 183 2457 1830 2663">
     <span class='ocr_line' id='line_1_55' title="bbox 185 2457 1830 2504; baseline 0.001 -14"><span class='ocrx_word' id='word_1_494' title='bbox 185 2458 378 2494; x_wconf 76' lang='lat' dir='ltr'>inconditum</span> <span class='ocrx_word' id='word_1_495' title='bbox 404 2461 434 2493; x_wconf 76' lang='grc' dir='ltr'>ὃ(</span> <span class='ocrx_word' id='word_1_496' title='bbox 460 2471 579 2494; x_wconf 82' lang='lat' dir='ltr'>trucem</span> <span class='ocrx_word' id='word_1_497' title='bbox 604 2462 748 2495; x_wconf 79' lang='lat' dir='ltr'>tustulete</span> <span class='ocrx_word' id='word_1_498' title='bbox 771 2463 961 2494; x_wconf 76' lang='lat' dir='ltr'>clamorem.</span> <span class='ocrx_word' id='word_1_499' title='bbox 987 2462 1140 2494; x_wconf 84' lang='lat' dir='ltr'>Redditus</span> <span class='ocrx_word' id='word_1_500' title='bbox 1162 2463 1193 2493; x_wconf 59' lang='grc' dir='ltr'>ὄι</span> <span class='ocrx_word' id='word_1_501' title='bbox 1217 2472 1234 2492; x_wconf 83' lang='lat' dir='ltr'>a</span> <span class='ocrx_word' id='word_1_502' title='bbox 1260 2461 1488 2495; x_wconf 81' lang='lat' dir='ltr'>Macedonibus</span> <span class='ocrx_word' id='word_1_503' title='bbox 1510 2474 1609 2498; x_wconf 67' lang='lat' dir='ltr'>mayor</span> <span class='ocrx_word' id='word_1_504' title='bbox 1627 2463 1757 2504; x_wconf 42' lang='lat' dir='ltr'>&amp;ca-..u</span> <span class='ocrx_word' id='word_1_505' title='bbox 1777 2457 1830 2489; x_wconf 77' lang='lat' dir='ltr'>Et</span> 
     </span>
     <span class='ocr_line' id='line_1_56' title="bbox 184 2497 1827 2541; baseline -0.004 -6"><span class='ocrx_word' id='word_1_506' title='bbox 184 2498 377 2535; x_wconf 65' lang='lat' dir='ltr'>Macedones</span> <span class='ocrx_word' id='word_1_507' title='bbox 399 2502 460 2535; x_wconf 87' lang='lat' dir='ltr'>five</span> <span class='ocrx_word' id='word_1_508' title='bbox 483 2503 646 2535; x_wconf 77' lang='lat' dir='ltr'>alacritate</span> <span class='ocrx_word' id='word_1_509' title='bbox 654 2527 757 2537; x_wconf 88' lang='grc'><strong>......</strong></span> <span class='ocrx_word' id='word_1_510' title='bbox 780 2505 940 2539; x_wconf 61' lang='lat' dir='ltr'>ingentem</span> <span class='ocrx_word' id='word_1_511' title='bbox 961 2510 1164 2541; x_wconf 59' lang='lat' dir='ltr'>pugna-:trum</span> <span class='ocrx_word' id='word_1_512' title='bbox 1186 2514 1261 2534; x_wconf 82' lang='lat' dir='ltr'>more</span> <span class='ocrx_word' id='word_1_513' title='bbox 1281 2503 1402 2535; x_wconf 86' lang='lat' dir='ltr'>edidere</span> <span class='ocrx_word' id='word_1_514' title='bbox 1424 2503 1612 2535; x_wconf 74' lang='lat' dir='ltr'>clamorem:</span> <span class='ocrx_word' id='word_1_515' title='bbox 1635 2500 1770 2531; x_wconf 71' lang='lat' dir='ltr'>redduus</span> <span class='ocrx_word' id='word_1_516' title='bbox 1792 2497 1827 2529; x_wconf 76' lang='grc' dir='ltr'>δε</span> 
     </span>
     <span class='ocr_line' id='line_1_57' title="bbox 187 2536 1830 2584; baseline -0.001 -14"><span class='ocrx_word' id='word_1_517' title='bbox 187 2549 206 2570; x_wconf 85' lang='lat' dir='ltr'>a</span> <span class='ocrx_word' id='word_1_518' title='bbox 227 2539 325 2572; x_wconf 68' lang='lat' dir='ltr'>Persis</span> <span class='ocrx_word' id='word_1_519' title='bbox 347 2541 407 2573; x_wconf 68' lang='grc' dir='ltr'>ἃς.</span> <span class='ocrx_word' id='word_1_520' title='bbox 430 2544 475 2584; x_wconf 85' lang='lat' dir='ltr'>Q.</span> <span class='ocrx_word' id='word_1_521' title='bbox 499 2544 591 2576; x_wconf 73' lang='lat' dir='ltr'>Curt.</span> <span class='ocrx_word' id='word_1_522' title='bbox 616 2543 685 2576; x_wconf 76' lang='lat' dir='ltr'>Lib.</span> <span class='ocrx_word' id='word_1_523' title='bbox 765 2556 792 2577; x_wconf 92' lang='lat' dir='ltr'>c.</span> <span class='ocrx_word' id='word_1_524' title='bbox 816 2543 856 2575; x_wconf 92' lang='lat' dir='ltr'>X.</span> <span class='ocrx_word' id='word_1_525' title='bbox 880 2543 913 2574; x_wconf 64' lang='grc' dir='ltr'>δι</span> <span class='ocrx_word' id='word_1_526' title='bbox 936 2554 965 2581; x_wconf 77' lang='grc'>4.</span> <span class='ocrx_word' id='word_1_527' title='bbox 986 2554 1014 2575; x_wconf 86' lang='lat' dir='ltr'>c.</span> <span class='ocrx_word' id='word_1_528' title='bbox 1039 2543 1120 2574; x_wconf 68' lang='lat' dir='ltr'>XII.</span> <span class='ocrx_word' id='word_1_529' title='bbox 1144 2543 1267 2583; x_wconf 76' lang='lat' dir='ltr'>Celtis,</span> <span class='ocrx_word' id='word_1_530' title='bbox 1290 2542 1339 2575; x_wconf 90' lang='lat' dir='ltr'>seu</span> <span class='ocrx_word' id='word_1_531' title='bbox 1362 2544 1465 2575; x_wconf 85' lang='lat' dir='ltr'>Gallis</span> <span class='ocrx_word' id='word_1_532' title='bbox 1489 2544 1517 2574; x_wconf 80' lang='lat' dir='ltr'>id</span> <span class='ocrx_word' id='word_1_533' title='bbox 1541 2544 1636 2575; x_wconf 80' lang='lat' dir='ltr'>moris</span> <span class='ocrx_word' id='word_1_534' title='bbox 1657 2536 1743 2572; x_wconf 76' lang='lat' dir='ltr'>suifle</span> <span class='ocrx_word' id='word_1_535' title='bbox 1766 2539 1830 2571; x_wconf 81' lang='lat' dir='ltr'>H1-</span> 
     </span>
     <span class='ocr_line' id='line_1_58' title="bbox 183 2579 1826 2626; baseline 0.001 -16"><span class='ocrx_word' id='word_1_536' title='bbox 183 2579 286 2612; x_wconf 79' lang='lat' dir='ltr'>storici</span> <span class='ocrx_word' id='word_1_537' title='bbox 310 2581 429 2626; x_wconf 74' lang='lat' dir='ltr'>antiqui</span> <span class='ocrx_word' id='word_1_538' title='bbox 451 2586 548 2615; x_wconf 70' lang='lat' dir='ltr'>{enne</span> <span class='ocrx_word' id='word_1_539' title='bbox 569 2594 681 2615; x_wconf 69' lang='lat' dir='ltr'>omnes</span> <span class='ocrx_word' id='word_1_540' title='bbox 704 2585 878 2622; x_wconf 76' lang='lat' dir='ltr'>tradidere3</span> <span class='ocrx_word' id='word_1_541' title='bbox 909 2585 1076 2615; x_wconf 71' lang='lat' dir='ltr'>Americae</span> <span class='ocrx_word' id='word_1_542' title='bbox 1106 2594 1227 2624; x_wconf 83' lang='lat' dir='ltr'>quoque</span> <span class='ocrx_word' id='word_1_543' title='bbox 1255 2584 1414 2615; x_wconf 76' lang='lat' dir='ltr'>Nationes</span> <span class='ocrx_word' id='word_1_544' title='bbox 1442 2583 1527 2614; x_wconf 80' lang='lat' dir='ltr'>idem</span> <span class='ocrx_word' id='word_1_545' title='bbox 1547 2583 1582 2613; x_wconf 74' lang='grc' dir='ltr'>δε</span> <span class='ocrx_word' id='word_1_546' title='bbox 1602 2593 1684 2614; x_wconf 88' lang='lat' dir='ltr'>nunc</span> <span class='ocrx_word' id='word_1_547' title='bbox 1707 2579 1826 2612; x_wconf 82' lang='lat' dir='ltr'>servare</span> 
     </span>
     <span class='ocr_line' id='line_1_59' title="bbox 184 2621 1124 2663; baseline 0.007 -13"><span class='ocrx_word' id='word_1_548' title='bbox 184 2622 277 2652; x_wconf 76' lang='lat' dir='ltr'>nostri</span> <span class='ocrx_word' id='word_1_549' title='bbox 299 2632 368 2654; x_wconf 70' lang='lat' dir='ltr'>aem</span> <span class='ocrx_word' id='word_1_550' title='bbox 391 2621 561 2661; x_wconf 81' lang='lat' dir='ltr'>Scriptores</span> <span class='ocrx_word' id='word_1_551' title='bbox 583 2624 761 2663; x_wconf 79' lang='lat' dir='ltr'>affirmant,</span> <span class='ocrx_word' id='word_1_552' title='bbox 785 2634 818 2655; x_wconf 85' lang='lat' dir='ltr'>ut</span> <span class='ocrx_word' id='word_1_553' title='bbox 842 2624 965 2656; x_wconf 78' lang='lat' dir='ltr'>Erudin</span> <span class='ocrx_word' id='word_1_554' title='bbox 987 2634 1101 2656; x_wconf 85' lang='lat' dir='ltr'>norunt</span> <span class='ocrx_word' id='word_1_555' title='bbox 1115 2648 1124 2657; x_wconf 91' lang='lat'><strong>.</strong></span> 
     </span>
    </p>
   </div>
   <div class='ocr_carea' id='block_1_15' title="bbox 1038 2137 1041 2230">
    <p class='ocr_par' dir='ltr' id='par_1_20' title="bbox 1038 2137 1041 2230">
     <span class='ocr_line' id='line_1_60' title="bbox 1038 2137 1041 2230; baseline 0 0"><span class='ocrx_word' id='word_1_556' title='bbox 1038 2137 1041 2230; x_wconf 95' lang='lat' dir='ltr'> </span> 
     </span>
    </p>
   </div>
   <div class='ocr_carea' id='block_1_16' title="bbox 980 2118 986 2340">
    <p class='ocr_par' dir='ltr' id='par_1_21' title="bbox 980 2118 986 2340">
     <span class='ocr_line' id='line_1_61' title="bbox 980 2118 986 2340; baseline 0 791"><span class='ocrx_word' id='word_1_557' title='bbox 980 2118 986 2340; x_wconf 95' lang='lat' dir='ltr'> </span> 
     </span>
    </p>
   </div>
  </div>
 </body>
</html>
