2206 3131
392 216 445 256 79
656 196 867 240 ANTI

882 193 1100 254 ‚Qum
1149 188 1404 238 MEDII
1450 187 1646 233 AEVI

1842 189 1908 232 80·

324 257 496 293 inferens.
518 257 621 292 Hanc
642 268 705 292 nos
723 257 848 300 Saleia,
868 256 960 303 quod
978 254 1088 290 fluen-
1129 256 1162 290 A
1211 249 1453 285 Praelaudatus
1497 249 1645 294 Iacobus
1686 244 1888 283 cardinalis
1927 237 1968 276 in

325 317 420 347 tem,
463 306 519 343 seu
549 307 693 343 mollem
731 309 838 343 telam
867 307 1010 341 Solidam
1037 303 1087 340 ef-

324 358 426 407 ficit;
463 358 517 394 uti
547 357 653 394 etiam
682 371 700 394 a
738 359 871 395 Latino
906 358 1088 404 Amylum,

321 411 464 449 Amito,
493 407 531 445 &
559 409 682 444 Amida
709 411 946 458 appellamus.
974 407 1088 443 Mira-

324 459 415 495 beris
448 459 560 495 forsan
589 460 623 494 ὅ(
652 458 728 495 heic
763 461 981 508 Linguarum
1012 471 1088 492 mo—

326 510 505 546 bilitatem
557 507 595 545 &
645 509 932 546 inconstantiam.
994 510 1087 544 Nam

326 574 434 609 quurn
464 559 595 598 Latina
623 560 762 610 Lingua
790 561 981 610 regnabat,
1009 559 1087 592 Cal—

323 612 367 647 cei
395 625 488 655 vox,
533 620 572 646 ut
599 624 703 648 nemo
731 612 861 651 nescit,
903 608 1088 646 familiaris

325 662 396 698 fuit
423 663 464 698 ad
493 661 697 711 designanda
719 663 843 711 pedum
865 669 1088 710 tegumenta,

325 712 468 761 ejusque
495 712 591 748 usum
621 726 683 748 nos
710 713 821 749 adhuc
841 713 1031 749 retinemus
1052 710 1088 745 in

327 764 466 800 Italicis
495 764 676 800 vocabulis
703 764 893 811 CalzolaJ'o,
930 764 985 799 seu
1008 762 1086 797 Cal-

327 816 456 860 zolaro,
485 828 547 864 pro
574 817 688 855 sutor,
725 814 762 851 ἃ
791 815 1022 852 Calceolart'us,
1051 821 1088 847 ut

328 868 475 902 Veteres
502 865 643 904 dixere,
679 867 713 901 8<
750 866 788 901 in
822 867 959 910 Calzare
988 865 1012 897 il
1038 864 1089 907 pie}

326 929 390 965 pro
410 917 575 951 calceare.
604 918 739 952 Contra
760 929 822 952 nos
845 928 974 950 nomen
995 915 1087 950 idem

326 966 426 1015 supra
473 966 621 1013 pedem,
671 966 784 1002 immo
830 976 930 1002 extra
967 965 1087 1014 pedem

328 1017 536 1054 transtulisse
564 1018 748 1053 videmur.
776 1018 962 1053 Tibiarum
993 1015 1087 1050 enim

328 1068 535 1105 indumenta
563 1069 778 1116 appellamus
805 1069 928 1113 Galae,
955 1068 988 1102 &
1010 1067 1090 1100 Cal—

329 1119 439 1165 zetti5
467 1128 542 1154 tum
572 1118 711 1166 longius
741 1118 984 1165 procedendO,
1027 1119 1091 1151 Fe-

329 1169 500 1209 mimia,
530 1168 597 1204 slve
626 1170 819 1204 femoralia
848 1177 1092 1216 nuncupantur

331 1221 490 1264 Calqoni:
516 1219 771 1255 Mutinensibus
785 1222 865 1255 vero
879 1219 969 1254 idem
993 1218 1069 1254 sunt
1084 1246 1092 1259 ,

332 1272 455 1316 Galam,
492 1269 530 1305 &
558 1271 716 1316 Calqoni,
754 1269 790 1306 ἃ
829 1271 973 1304 Brache.
1016 1271 1092 1305 Hae

331 1333 436 1356 voces
481 1333 602 1355 omnes
648 1333 665 1354 a
711 1322 820 1353 Calceo
856 1319 1092 1361 descendunt,

331 1383 546 1419 quamquam
575 1371 615 1405 ab
644 1370 716 1419 ejus
745 1369 999 1417 significatione
1021 1378 1091 1403 tam

330 1424 437 1470 longe
486 1420 649 1456 receffiffe
677 1420 888 1455 videantur.
930 1420 994 1455 Sed
1023 1418 1092 1454 for-

331 1473 415 1508 tasse
451 1472 548 1507 nulla
585 1470 736 1506 mirandi
778 1471 918 1505 caussa:
965 1469 1092 1505 veteri-

331 1524 395 1559 bus
422 1522 517 1557 enim
545 1523 677 1556 calceare
703 1520 796 1557 idem
825 1520 892 1556 fuit
913 1534 951 1555 ac
972 1531 1093 1564 tmere,

332 1574 484 1612 induere,
525 1573 692 1608 translata
722 1584 806 1607 voce
834 1572 876 1606 ab
905 1569 1091 1607 indumen-

332 1624 379 1660 tis
409 1623 533 1672 pedum
564 1622 604 1657 ad
639 1621 724 1657 alias
762 1621 916 1670 corporis
958 1630 1091 1668 partes:

333 1687 438 1722 quern
476 1673 572 1709 usum
601 1671 639 1709 &
669 1672 790 1720 posteri
828 1672 906 1708 sunt
937 1671 1092 1707 imitati.

335 1728 382 1761 Et
424 1724 517 1772 quod
554 1723 682 1759 attinet
710 1723 750 1758 ad
780 1735 916 1758 crurum
952 1722 1018 1757 five
1046 1723 1094 1758 ti-

335 1775 472 1812 biarum
514 1774 783 1822 integumenta,
830 1786 917 1821 quae
953 1773 1095 1817 Calzem‘

334 1826 524 1865 dicuntur,
567 1827 616 1860 eis
644 1824 688 1860 est
714 1824 823 1860 etiam
850 1836 978 1860 nomen
1006 1823 1095 1867 Saos-

330 1877 399 1922 soni
419 1876 506 1925 apud
531 1875 768 1912 Lornbardos:
798 1888 866 1922 qua
891 1888 976 1910 voce
998 1888 1093 1921 prae·

334 1928 436 1976 cipue
477 1926 715 1976 fignificantur
757 1925 846 1960 vilia
883 1926 1009 1973 Populi
1038 1925 1095 1960 in-

335 1979 500 2014 dumenta
528 1977 696 2013 cruralia.
737 1977 861 2023 Neque
888 1977 1005 2012 recens
1034 1988 1093 2010 na-

334 2038 412 2065 tum
440 2028 648 2064 vocabulum
667 2054 675 2063 .
721 2025 954 2075 Du-Cangius
982 2025 1019 2061 in
1048 2028 1094 2060 Ε-

336 2079 459 2128 pistola
488 2077 688 2114 Innocentii
717 2079 781 2113 111.
811 2079 941 2124 Papae,
969 2076 1094 2125 scripta

338 2140 417 2165 ante
445 2131 568 2165 Annos
596 2128 807 2176 quingentos
844 2126 882 2164 &
916 2129 1007 2163 ultra
1035 2128 1094 2162 ad-

337 2179 479 2215 notavit
515 2180 657 2223 Scasones
687 2179 836 2220 similiter
870 2178 1007 2214 habeant
1033 2179 1094 2212 du—

333 2231 492 2276 plicatos:
527 2230 559 2266 8t
597 2228 635 2264 in
672 2231 780 2265 altera
809 2229 1003 2265 Alexandri
1032 2230 1094 2264 1V.

339 2283 450 2327 Papae
469 2304 477 2318 ‚
506 2278 632 2327 {cripta
661 2281 766 2315 Anno
788 2281 996 2317 MCCLXI.
1016 2293 1094 2326 qua-

337 2342 407 2367 tuor
433 2330 614 2376 Scuffones,
642 2331 684 2363 (θ’
702 2334 763 2364 duo
784 2330 992 2374 subtalares.
1019 2329 1095 2365 Ad-

336 2381 391 2417 dit
422 2379 676 2429 Du-Cangius:
722 2381 800 2414 Hei:
825 2381 1001 2427 Scaffimes,
1042 2381 1097 2414 vel

336 2432 497 2478 Scuffones
533 2436 625 2478 pedes
660 2429 801 2476 spec‘i'are
838 2433 1007 2467 videmur.
1049 2433 1095 2465 Et

336 2482 416 2519 sane
443 2482 581 2529 Scoffom'
608 2481 722 2528 primo
750 2480 841 2516 nibil
876 2482 969 2518 aliud
999 2479 1095 2517 fuisse

335 2533 546 2579 videntur,
574 2531 640 2570 nisi
689 2541 890 2580 tegumenta
943 2533 1096 2582 pedum.

1127 2112 1134 2541 x
1209 2235 1229 2269 p

1184 2468 1187 2536 ι

1206 301 1292 336 Vita
1337 299 1530 336 Coelestini
1579 301 1623 335 V.
1671 299 1783 346 Papae
1819 297 1902 334 Lib.
1932 301 1967 327 2.

1203 353 1290 400 Cap.
1321 363 1353 387 2.
1382 350 1468 387 vers.
1499 361 1582 398 305.
1611 350 1653 385 de
1686 347 1965 390 cardinalibus,

1203 402 1264 449 qui
1293 403 1334 437 ad
1361 402 1522 437 eumdem
1543 400 1700 437 sancium
1720 400 1836 436 virum
1858 397 1966 448 primi

1203 453 1367 488 accessere
1383 480 1393 497 ,
1421 453 1505 488 haec
1531 452 1606 489 ait:

1254 577 1278 597 ‚,
1307 553 1395 588 lllico
1433 551 1577 598 submr'ffi
1624 553 1827 601 Chiffonibus
1864 553 1969 599 oscula

1352 602 1462 649 figunt

1252 677 1277 692 „
1307 653 1431 695 mttofis
1457 673 1901 682 -----------

1202 755 1319 790 Glofl‘a
1358 764 1459 791 vetus
1485 754 1662 803 explicat:
1707 757 1794 790 Nam
1829 754 1966 790 habebar

1201 806 1360 851 Chtffones
1387 806 1421 840 in
1445 807 1598 853 pedtbus.
1635 806 1751 853 Atqui
1779 806 1894 854 primo
1921 805 1964 842 ad

1203 857 1302 904 pedes
1344 857 1580 905 contegendos
1621 870 1640 893 e
1680 859 1759 891 lana
1787 855 1964 892 efformati

1203 906 1317 947 fuere,
1346 906 1465 942 sensim
1495 920 1593 942 crura
1621 906 1751 946 etiam,
1779 906 1836 942 seu
1857 907 1965 943 tibias

1202 958 1324 993 texisse
1351 957 1511 993 credendi
1542 956 1619 993 sunt
1636 984 1645 993 .

1256 1008 1310 1044 Ad
1348 1009 1489 1043 Saecula
1517 1021 1600 1043 vero
1640 1008 1830 1045 remotiora
1871 1007 1965 1056 quod

1202 1060 1354 1101 attinet,
1382 1058 1529 1094 fidmter
1556 1059 1695 1102 dicam,
1724 1072 1779 1094 me
1799 1058 1962 1106 opinari,

1202 1108 1414 1157 perspefitam
1461 1108 1610 1145 minime
1662 1109 1761 1145 fuifl‘e
1807 1109 1967 1158 antiquis

1172 1174 1173 1178 ¹
1203 1163 1351 1203 Artem,
1379 1173 1467 1207 quae
1495 1173 1585 1195 nunc
1614 1159 1651 1194 in
1680 1160 1740 1196 usu
1767 1159 1839 1199 est,
1880 1174 1965 1196 con-

1202 1210 1344 1246 texendi
1373 1210 1490 1246 ferreis
1521 1210 1679 1250 bacillis,
1707 1221 1766 1246 aut
1791 1210 1966 1247 fabrican-

1203 1262 1238 1297 di
1265 1262 1302 1297 in
1345 1261 1471 1295 telario
1498 1261 1538 1296 ad
1568 1261 1672 1296 instar
1711 1263 1802 1297 telae
1835 1261 1964 1298 Tibia-

1202 1313 1251 1346 lia
1278 1312 1485 1346 indumenta
1507 1325 1525 1345 e
1554 1310 1684 1351 serico,
1711 1313 1804 1353 lana,
1833 1325 1961 1349 canna-

1206 1363 1266 1399 be,
1294 1371 1352 1396 aut
1381 1362 1477 1396 lineo
1505 1360 1585 1395 filo.
1615 1363 1706 1396 Nam
1732 1363 1884 1398 Romani
1906 1377 1964 1411 pe-

1204 1411 1304 1446 dibus
1332 1412 1449 1447 calceo
1478 1412 1647 1450 munitis,
1680 1421 1740 1448 aut
1768 1425 1844 1447 crus
1873 1413 1966 1449 inte-

1204 1475 1327 1510 grum,
1369 1471 1429 1496 aut
1456 1475 1528 1508 ejus
1559 1473 1712 1508 partem,
1753 1463 1844 1498 nuda
1871 1462 1964 1500 defe-

1204 1514 1345 1548 rebant.
1365 1514 1467 1559 Toga
1489 1522 1625 1546 tantum
1646 1513 1810 1555 demissa,
1832 1513 1966 1550 utenti-

1206 1563 1267 1598 bus
1294 1563 1352 1601 ei,
1381 1572 1440 1597 aut
1468 1562 1563 1598 aliud
1592 1562 1692 1598 vestis
1721 1576 1826 1605 genus
1861 1563 1965 1601 nudi-

1205 1622 1314 1648 tatem
1361 1615 1569 1661 quandoque
1609 1614 1814 1660 operiebat:
1858 1624 1964 1663 atque

1205 1664 1263 1699 hic
1290 1665 1384 1699 inter
1410 1662 1500 1710 ipsos
1539 1663 1724 1700 familiaris
1765 1678 1841 1700 mos
1870 1664 1964 1710 fuit,

1206 1715 1259 1750 uti
1287 1713 1324 1750 &
1354 1715 1497 1749 Braccas
1525 1724 1772 1751 contemnere.
1802 1716 1876 1761 Qui
1909 1730 1967 1752 ve-

1205 1768 1244 1801 ro
1273 1765 1378 1801 tibias
1407 1764 1543 1800 vestitas
1580 1766 1765 1810 amabant,
1807 1766 1862 1801 seu
1906 1779 1965 1803 ve-

1206 1816 1284 1852 stire
1321 1816 1555 1865 cogebantur,
1602 1830 1775 1864 perones,
1821 1829 1963 1858 ocreas.

1206 1868 1357 1906 udones,
1394 1867 1584 1903 cothurnos
1620 1868 1784 1903 adhibere
1820 1867 1964 1904 consue-

1207 1927 1332 1953 verunt
1359 1916 1456 1964 (nos
1483 1919 1629 1958 Sti-vali,
1657 1919 1849 1958 stivaletci,
1878 1921 1965 1953 Bur-

1206 1969 1348 2014 zacchini
1374 1969 1640 2018 appellamus),
1669 1983 1687 2004 e
1714 1969 1841 2018 quibus
1867 1979 1966 2017 regu<

1207 2020 1335 2055 mentis
1363 2020 1531 2055 nonnulla
1559 2033 1576 2055 a
1606 2020 1690 2066 pede
1718 2020 1823 2068 usque
1850 2019 1891 2055 ad
1914 2019 1967 2056 su—

1207 2083 1285 2109 ras,
1322 2068 1378 2104 seu
1415 2070 1569 2106 medium
1611 2084 1709 2110 crus,
1751 2071 1820 2106 alia
1859 2070 1964 2118 usque

1207 2121 1248 2156 ad
1277 2132 1388 2168 genu,
1429 2121 1463 2155 &
1504 2120 1600 2168 supra
1642 2121 1749 2156 etiam
1782 2121 1966 2169 protende-

1208 2172 1352 2206 bantur.
1394 2172 1439 2204 Et
1479 2184 1523 2206 ex
1559 2171 1614 2206 his
1643 2172 1812 2206 nonnulla
1842 2170 1968 2208 Calcei

1233 2235 1284 2257 ars
1320 2229 1443 2256 erant.
1491 2221 1593 2268 Apud
1632 2222 1721 2256 alios
1773 2221 1970 2257 Feminalia

1209 2271 1304 2321 ipsa,
1346 2271 1433 2310 five,
1475 2281 1514 2306 ut
1542 2271 1667 2306 melius
1695 2272 1809 2307 dicam
1828 2299 1837 2314 ‚
1867 2273 1970 2307 Brac-

1209 2336 1268 2358 cae
1311 2322 1416 2369 usque
1453 2322 1492 2356 ad
1534 2322 1622 2356 talos
1650 2319 1689 2357 &
1726 2323 1879 2357 calceum
1909 2322 1974 2357 de-'

1183 2373 1436 2432 lfrendebant.
1473 2371 1632 2407 Orientis
1678 2371 1859 2418 praecipue
1903 2374 1970 2407 Po-

1184 2433 1185 2462 l
1212 2425 1308 2473 puli,
1337 2424 1630 2469 septentrionales
1661 2422 1824 2461 Barbari,
1868 2424 1971 2458 Hun-

1212 2474 1307 2524 gari‚
1333 2475 1365 2509 &
1395 2472 1484 2512 alii,
1512 2472 1680 2519 postremo
1709 2472 1774 2508 hoc
1802 2472 1970 2510 tibiarum

1182 2524 1346 2573 Jami&u
1382 2523 1428 2560 ufi
1464 2523 1784 2574 deprehenduntur.
1826 2525 1971 2571 Lango-

1838 2574 1919 2609 bar-
