2206 3131
390 220 441 261 71
683 207 1112 269 ANTIQUIT.
1164 202 1401 246 MEDll
1440 203 1622 249 AEVI
1853 215 1913 265 ’,η’

329 261 543 299 dolescentes
569 264 697 308 nostri,
725 267 960 318 quascumque
987 269 1092 306 novi·
1120 273 1164 310 'A
1205 261 1314 307 905OE
1343 263 1518 313 appellat»
1545 278 1616 302 ”0¹²
1641 262 1755 315 Pal-'1⁶15
1778 266 1969 306 Mutine&

332 313 414 346 tatis
435 312 472 349 δι’
499 315 658 352 levitatis
679 317 838 354 Gallicae
863 320 1015 369 ineptias
1036 334 1091 356 ae—

328 363 478 404 mulati,
506 363 649 402 Calceis
675 381 767 405 nunc
796 381 943 407 utuntur
965 372 1002 407 in
1031 385 1091 406 an-

327 413 452 450 teriori
481 426 577 464 parte
606 420 787 461 curvatis,
814 422 847 456 ὃς
877 421 913 457 in
943 421 1092 458 sublime

327 465 492 502 retortis.
517 468 647 503 Rident
671 468 776 515 haee,
797 472 858 518 qui
881 472 1016 508 saniora
1042 472 1091 508 sa—

325 514 459 565 piunt3
498 527 533 553 at
561 519 704 566 juvenes
731 521 811 557 inde
840 522 901 558 sibi
931 525 1091 569 placent,

326 564 463 614 suisque
491 569 634 616 pedibus
661 573 786 608 melius
811 574 875 609 effe
901 573 1090 610 dic'iitant.

327 617 434 662 Quod
473 630 590 656 tamen
628 622 977 660 animadvertendum
999 653 1009 669 ,
1045 625 1091 660 li·

327 679 446 715 gneas
469 672 584 707 Soleas
621 673 710 708 olim
749 675 894 712 humilis
930 676 1091 712 fortunae

331 717 400 754 viri
429 733 468 756 ac
495 720 648 759 feminae
675 724 907 766 adhibebant,
935 727 974 762 ad
1004 741 1091 775 quo-

326 782 403 804 rum
441 772 576 817 prorsus
612 788 724 812 mores
752 776 835 824 quia
867 778 899 813 se
937 778 1089 826 primum

326 821 551 869 composuere
589 828 724 863 Fratres
766 828 926 864 Minores
964 829 1090 864 Obser-

327 880 448 908 vantes
466 901 475 917 ,
507 874 586 910 ideo
614 878 704 924 apud
733 891 795 913 nos
821 880 1004 914 Zoccolanei
1031 880 1089 914 ad-

326 919 395 957 huc
432 926 673 972 appellantur.
711 930 882 965 Attamen
918 930 1089 978 ejusmodi

327 973 553 1011 Socculorum
600 977 757 1027 dignitas
801 989 907 1027 atque
950 980 1089 1016 fortuna

324 1024 452 1059 Seculo
481 1027 577 1063 xlv.
606 1027 644 1065 &
675 1032 752 1065 XV.
780 1044 799 1066 a
829 1031 969 1067 Christo
1005 1041 1089 1066 nato

326 1086 368 1109 eo
389 1074 564 1120 ascendit,
583 1078 720 1115 fortaffe
738 1081 830 1129 quod
852 1082 963 1117 tutius
984 1084 1088 1129 quam

327 1126 448 1162 Soleae
484 1129 662 1166 coriaceae
687 1143 706 1167 a
745 1132 888 1179 pedibus
925 1133 1088 1169 inceden—

326 1175 418 1211 tium
446 1190 506 1226 per
544 1179 687 1217 humida
723 1184 801 1218 loca
839 1183 1088 1220 humiditatem

325 1238 504 1271 arcerent,
542 1240 581 1266 ut
610 1233 666 1268 vel
705 1233 765 1281 ipsi
801 1234 972 1277 Nobiles,
1010 1233 1090 1276 ipfi-

325 1289 393 1323 que
424 1279 604 1328 Principes
640 1283 686 1319 iis
723 1285 899 1319 interdum
937 1285 1088 1320 destesta-

326 1337 465 1364 rentur.
497 1332 536 1365 ln
568 1332 722 1368 Historia
755 1335 960 1369 Novar-iculi
993 1335 1088 1370 Petri

326 1379 450 1415 Azarii
475 1381 516 1415 ad
543 1384 687 1418 Annum
714 1386 959 1420 MCCCLVI.
984 1385 1087 1420 Guil-

327 1429 468 1466 {ielznus
510 1433 690 1470 “Novariae
729 1434 948 1483 Capitaneus
990 1435 1090 1483 capta

325 1480 367 1514 ab
398 1480 550 1518 hostibus
579 1484 741 1520 Civitate
759 1512 768 1527 ‚
806 1487 838 1519 in
866 1486 1010 1528 Castrum
1035 1486 1088 1530 Ju-

321 1531 375 1577 Εἰς
411 1532 444 1564 in
480 1534 648 1569 Zocbelis.
688 1537 774 1571 Rem
813 1535 889 1571 heic
926 1536 1087 1571 omnium

325 1580 526 1618 curiositate
557 1584 698 1632 dignam
731 1585 896 1622 referam.
936 1587 1089 1622 frideri—

326 1644 384 1667 cus
411 1632 483 1678 ipse
511 1636 657 1671 Tertius
696 1638 935 1673 Romanorum
973 1638 1089 1686 Impe—

324 1692 419 1718 rator
456 1685 684 1727 Austriacus,
722 1690 794 1723 An.
826 1689 1087 1724 MCCCCLII.

323 1745 393 1768 non
421 1735 503 1771 aliis
530 1735 575 1771 est
603 1737 681 1773 usus
709 1739 980 1774 calceamentis.
1014 1741 1087 1774 Cu-

324 1783 377 1831 jus
417 1785 466 1821 rei
495 1787 612 1824 testem
652 1788 762 1824 habeo
790 1790 966 1825 Tabulam
1003 1798 1088 1825 tunc

322 1834 476 1882 piciam,
515 1837 552 1873 in
581 1839 794 1876 Sereniffimi
826 1840 975 1876 Domini
1017 1839 1087 1876 mei

324 1886 435 1922 Ducis
472 1886 640 1926 Mutinae
676 1891 815 1926 Palatio
851 1891 1087 1927 adservatam

324 1937 501 1974 ferrariae
534 1941 642 1977 Anno
679 1941 746 1977 illo
782 1941 852 1978 fuit
888 1941 1087 1977 Fridericus

322 1986 416 2023 idem
444 1991 641 2039 Augustus,
677 2005 695 2027 e
735 1994 892 2028 Romana
924 1990 1085 2028 Corona-

325 2037 424 2074 tione
460 2042 653 2091 regreffusg
691 2056 799 2090 eaque
835 2043 1012 2078 occasione
1048 2043 1086 2079 in

326 2090 555 2128 celeberrimo
583 2093 690 2129 Urbis
726 2093 825 2131 illius
854 2102 1020 2143 apparatu
1047 2106 1086 2129 ac

323 2139 464 2176 laetitia
496 2143 648 2180 Borfium
679 2144 877 2181 Atestinum
911 2144 1087 2180 Ferrariae

324 2191 568 2229 dominantem
605 2194 758 2231 instituit
794 2197 929 2232 Ducem
965 2194 1085 2230 Muti-

323 2255 415 2287 nae,
452 2256 491 2279 ac
523 2244 655 2293 Regii,
691 2246 936 2282 Marchionem
966 2246 1085 2281 Ellen—

323 2294 418 2338 sem,
454 2295 487 2329 &
518 2295 714 2344 Rhodigii,
750 2296 985 2345 Comaclique
1012 2298 1084 2332 Co-

324 2345 472 2384 mitem.
499 2348 709 2382 Procurator
729 2347 843 2390 Fisci,
869 2348 988 2396 reique
1013 2348 1085 2395 pri-

324 2408 428 2435 vatae
449 2397 567 2435 Borfio
588 2407 670 2434 tunc
694 2408 766 2433 erat
786 2399 958 2441 Iohannes
979 2400 1084 2434 Blan-

325 2449 451 2486 chinus
467 2477 477 2493 ,
506 2463 638 2496 magnus
665 2450 860 2484 Tabularum
887 2449 1085 2491 Astronomi-

325 2514 429 2536 carum
463 2501 673 2547 supputator,
713 2509 752 2535 ut
780 2512 858 2535 eum
890 2499 1086 2536 Ricciolius

326 2550 365 2593 in
386 2551 636 2601 Prosographia
653 2550 854 2600 Almagesto
874 2564 968 2586 novo
989 2564 1086 2599 prae-

1205 312 1271 358 sis,
1309 327 1420 362 neque
1458 316 1708 363 Ferrarieniis,
1744 328 1786 355 ut
1821 320 1969 356 Blanca-

1205 377 1267 401 nus
1285 393 1295 409 ,
1325 365 1491 407 Voffius,
1527 380 1566 403 ac
1600 368 1663 405 alii
1690 369 1831 418 opinati
1867 370 1969 412 sunt,

1204 415 1259 451 sed
1296 416 1546 454 Bononiensis.
1584 420 1659 456 Has
1697 423 1780 457 verb
1809 422 1966 458 Tabulas

1203 466 1274 515 ipse
1301 467 1436 503 obtulit
1463 469 1694 516 Imperatori,
1721 480 1827 520 atque
1854 473 1896 508 ab
1923 486 1967 509 eo

1202 517 1256 565 jus
1284 518 1439 565 Aquilae
1466 519 1667 557 deferendae
1697 522 1735 558 in
1773 522 1967 571 insignibus

1202 567 1365 615 accepit.
1405 567 1460 603 Ibi
1497 581 1615 606 cernas
1651 572 1887 609 Blanchinum
1924 574 1963 610 in

1201 631 1312 666 genua
1341 618 1567 666 provolutum
1584 645 1595 661 ,
1627 622 1662 657 Sc
1690 623 1848 672 Augusto
1873 625 1963 662 offe-

1201 678 1334 704 rentem
1362 670 1547 706 volumen.
1573 672 1674 707 Sedet
1693 674 1867 721 Augustus
1887 678 1964 710 Soa»-

1200 720 1282 755 culos
1310 719 1347 754 in
1376 720 1520 768 pedibus
1547 721 1696 770 gestans.
1724 724 1848 759 Adstat
1876 726 1964 761 Bor-

1201 770 1264 807 sius
1293 773 1375 810 Dux
1393 798 1402 815 ,
1433 772 1602 819 peculiari
1631 772 1742 809 forma
1775 774 1901 812 mitrae
1927 777 1962 812 δι

1201 821 1396 868 chlamydis
1432 822 1574 858 indutus
1595 848 1605 859 .
1642 825 1810 861 Ceterum
1845 826 1967 861 Saecula·

1201 873 1334 920 jamdiu
1363 872 1562 912 viluerunt,
1599 875 1632 909 8<
1661 875 1794 911 alicubi
1823 879 1964 914 tantum

1199 924 1288 971 apud
1314 922 1474 958 infimam
1501 923 1706 960 rusticorum
1736 926 1871 973 plebem
1900 940 1964 964 an-

1199 974 1299 1021 tiqua
1337 974 1410 1023 jura
1446 973 1632 1015 retinent,
1669 976 1792 1010 calceis
1830 976 1961 1025 ubique

1199 1024 1332 1061 usitatis
1349 1052 1359 1068 ,
1387 1038 1474 1072 quos
1501 1028 1614 1072 Scarpe
1640 1026 1724 1062 Itali
1763 1029 1963 1075 appellant.

1198 1078 1318 1121 Quum
1351 1075 1551 1122 Carpisculus
1579 1077 1668 1123 apud
1698 1077 1892 1125 Vopiscum
1924 1078 1962 1115 in

1198 1125 1393 1162 Aureliano
1430 1124 1520 1174 Cap.
1550 1139 1608 1174 30.
1648 1138 1862 1164 memoretur
1901 1142 1964 1177 pro

1197 1179 1436 1212 calceamento
1477 1177 1710 1213 multifariam
1754 1179 1882 1219 caeso,
1924 1189 1964 1216 ut

1196 1228 1378 1264 Salmasius
1406 1227 1443 1263 in
1473 1228 1581 1264 Notis
1610 1228 1765 1269 censuit,
1794 1244 1864 1265 non
1893 1230 1963 1266 im—

1197 1279 1372 1328 probanda
1400 1277 1444 1313 est
1480 1278 1680 1327 conje&ura
1708 1280 1828 1316 coelii
1868 1281 1965 1317 Rho-

1196 1329 1311 1378 digini
1333 1329 1415 1365 Lib.
1437 1340 1495 1364 20.
1517 1331 1604 1377 Cap.
1623 1342 1681 1377 33.
1705 1334 1878 1377 Carporum
1900 1345 1965 1368 vo-

1197 1392 1271 1414 cem
1300 1380 1338 1413 in
1371 1378 1431 1413 usu
1469 1377 1567 1413 fuiffe
1595 1379 1741 1415 Italicae
1777 1381 1876 1429 genti
1905 1385 1965 1418 Se-

1197 1430 1278 1465 culo
1301 1430 1430 1465 ,Aerae
1466 1428 1683 1466 Christianae
1720 1431 1881 1472 Tertio,
1921 1431 1964 1468 ad

1197 1481 1407 1516 Calceorum
1436 1492 1543 1526 genus
1571 1479 1843 1528 designandum,
1881 1484 1965 1517 unde

1196 1531 1317 1566 Calceis
1338 1530 1446 1573 forsan
1470 1529 1595 1564 indiffi‘a
1618 1534 1704 1565 moti&
1728 1531 1855 1577 pls-baja
1880 1546 1964 1567 nun-

1196 1581 1340 1628 cupatio,
1377 1579 1482 1621 idest,
1520 1580 1610 1614 unde
1638 1581 1679 1616 ad
1716 1595 1778 1616 nos
1808 1583 1962 1618 vocabu-

1197 1634 1270 1668 lum
1290 1633 1429 1677 Scarpa.
1448 1631 1607 1666 Attritos
1627 1630 1779 1668 Calceos
1801 1645 1863 1668 nos
1880 1635 1959 1668 Cia-

1197 1687 1283 1718 bane
1309 1682 1547 1730 appellamus,
1572 1682 1670 1717 Galli
1696 1682 1811 1718 Sabou
1837 1684 1871 1718 St
1896 1687 1962 1719 Sa-

1196 1744 1316 1777 vates,
1358 1731 1512 1780 Hispani
1552 1735 1728 1777 Zapatas.
1770 1733 1964 1783 Menagius

1198 1784 1286 1820 hanc
1313 1795 1438 1818 vocem
1468 1796 1488 1818 a
1515 1783 1649 1819 Latino
1677 1787 1765 1832 sapa
1792 1785 1960 1830 deducit,

1198 1835 1290 1883 quod
1326 1833 1498 1869 Laminam
1533 1833 1731 1883 fignificat,
1758 1835 1852 1884 quasi
1886 1836 1960 1884 ejus

1198 1885 1464 1921 fimilitudinem
1491 1894 1587 1933 gerat
1612 1886 1762 1922 Calceus
1787 1886 1895 1928 vilis,
1918 1885 1961 1921 si-

1197 1950 1240 1973 ve
1264 1937 1436 1971 Ciabana.
1462 1934 1617 1976 Credat,
1640 1936 1702 1984 qui
1727 1936 1837 1973 velit.
1863 1938 1959 1973 Nam

1198 1987 1534 2036 praeterquamquod
1572 1987 1666 2022 inter
1692 1988 1890 2027 Laminam,
1924 1989 1961 2023 δε

1196 2039 1342 2074 Calceum
1367 2038 1540 2077 attritum,
1577 2050 1648 2073 non
1676 2037 1728 2074 sat
1754 2037 1961 2075 fimilitudi-

1198 2091 1252 2125 nis
1279 2087 1490 2127 intercedit,
1519 2088 1694 2123 incertum
1722 2101 1863 2137 quoque
1889 2088 1962 2129 est,

1198 2154 1241 2176 an
1277 2142 1366 2182 Sapa
1402 2138 1545 2174 Latinis
1574 2138 1714 2174 Lamina
1749 2138 1881 2176 fuerit.
1917 2140 1963 2175 In.

1198 2188 1326 2227 Gloffis
1363 2188 1551 2234 antiquis,
1587 2188 1639 2224 ait
1675 2188 1771 2233 ille,
1807 2189 1963 2226 occurrit

1197 2245 1343 2286 Σαραία.
1370 2245 1484 2279 ainana:
1511 2251 1615 2286 quam
1640 2250 1765 2274 vocem
1791 2239 1823 2277 is
1847 2239 1962 2275 Lami-

1198 2306 1272 2328 nam
1299 2291 1568 2339 interpretatur.
1599 2290 1651 2323 Ita
1676 2291 1769 2326 certe
1794 2290 1831 2325 in
1856 2288 1962 2326 Glos-

1198 2343 1238 2379 fis
1267 2341 1456 2377 Philoxeni
1493 2355 1512 2376 a
1539 2339 1673 2376 Carolo
1701 2341 1847 2377 Labbeo
1883 2340 1959 2376 edi-

1198 2395 1266 2431 tis.
1287 2396 1417 2428 Verum
1444 2391 1595 2428 minime
1617 2388 1769 2432 constat,
1795 2404 1838 2426 an
1862 2396 1961 2431 λέμβῳ

1199 2445 1368 2481 Laminam
1389 2441 1701 2492 fignificet,quum
1724 2441 1849 2477 Graeci
1870 2456 1960 2490 quo-

1199 2509 1267 2543 que
1303 2494 1498 2543 posterioris
1536 2493 1614 2528 aevi
1645 2496 1726 2533 λάροι
1759 2505 1831 2528 non
1863 2499 1962 2535 λάμβκ-

1165 2553 1170 2590 ἰ
1199 2547 1370 2584 Laminam
1394 2542 1628 2595 appellarint,
1651 2543 1857 2581 Italicorum
1883 2559 1962 2582 mo-

1846 2609 1904 2638 seg
