2206 3131
426 248 503 288 ιη
736 231 1153 291 ANT1QJ1T.
1200 225 1443 275 MEDII
1481 228 1666 274 ΑΕνι
1877 229 1965 276 '128

358 289 486 339 positos
527 298 647 327 autem
678 289 777 327 fuiffe
809 291 1012 327 Bavhacanes
1040 304 1136 327 moe·
1173 292 1205 327 A
1253 286 1357 324 nibus
1385 287 1543 337 lapidum
1571 290 1641 325 &c.
1680 287 1768 337 legit
1796 288 2021 335 Pagineuma‚

361 341 467 378 nibus
508 342 663 378 Urbium
700 340 738 378 δε
777 341 1039 383 Castellorum,
1065 338 1137 378 *ne-

360 403 429 438 que
457 393 501 428 ab
530 394 574 428 iis
606 394 759 430 multum
789 404 966 434 remotos,
995 407 1033 430 ac
1060 407 1136 430 mo-

361 441 464 479 dicae
494 443 752 492 profunditatis
778 445 944 482 edocebit
973 459 1034 481 nos
1063 444 1134 481 fru-

362 491 490 530 stulum
522 495 698 532 Historiae
725 509 743 532 a
769 497 1032 545 Benvogliento
1059 497 1130 532 edi—

361 551 439 579 tum
469 545 506 579 in
538 545 647 581 Notis
685 547 725 582 ad
763 546 975 583 Chronicon
1004 550 1131 583 Senen-

363 593 424 638 se,
452 596 574 631 Tomo
604 599 683 633 XV.
712 600 791 634 Rer.
822 599 976 634 Italicar.
1007 598 1061 634 lbi
1089 598 1130 634 ad

361 647 512 682 Annum
552 650 831 685 MCCCXXIX.
859 649 1056 685 Ghinotius
1093 649 1130 685 in

363 699 460 734 Arce
488 698 637 746 quadam
668 702 850 749 captivus,
887 713 1016 748 equum
1046 713 1130 736 con—

362 745 529 785 scendens
556 750 809 787 obleEtationis
837 751 950 800 specie
967 780 977 796 ,
1015 751 1128 798 ipsum

358 800 555 837 calcaribus
584 801 806 846 concitavit,
842 816 859 837 e
890 802 933 848 fe’
961 804 1077 845 saltare
1105 804 1131 838 il

356 852 506 895 cavallo,
543 854 572 886 el
612 853 763 888 rivellino
797 854 838 888 de
873 858 907 889 la
943 859 1080 897 Rocca;
1115 869 1130 889 e

356 902 470 948 giunse
490 903 545 947 sul
572 906 786 947 Barbacane‚·
813 918 828 938 e
850 905 934 949 salte)
962 907 996 940 in
1024 916 1128 946 terra,

359 965 378 986 e
402 962 485 988 toccu
510 953 698 1000 da’speroni
734 955 759 988 it
792 956 948 998 cavall0;
974 969 990 989 e
1016 968 1070 1001 per
1095 958 1129 991 la

308 1044 311 1049 .
358 1004 420 1038 via
455 1006 599 1039 torrendo
630 1005 664 1049 se
702 1018 739 1039 ne
775 1008 858 1040 and«)
894 1021 916 1041 a
941 1004 1126 1051 Saffofone.

306 1051 308 1057 ²
361 1055 457 1097 Ergo
495 1056 710 1091 Barbacanes
748 1056 957 1100 adinventi,
995 1067 1034 1092 ut
1071 1071 1128 1094 ac-

359 1105 487 1140 cessum
527 1106 567 1141 ad
605 1105 746 1141 moenia
781 1106 994 1154 impedirent
1024 1108 1127 1145 Arie-

306 1189 309 1199 ,-
361 1155 415 1195 ti,
444 1155 650 1196 Testudini,
688 1157 889 1197 Turribus,
927 1158 1036 1195 Scalis
1054 1187 1064 1203 ,
1092 1173 1126 1196 a·

359 1207 490 1255 liisque
516 1207 751 1244 obsidentium
784 1208 983 1245 machinis.
1022 1210 1125 1247 Alibi

310 1260 311 1263 ’
361 1261 446 1294 vero
475 1272 545 1294 non
575 1268 657 1294 ante
684 1259 844 1303 moenia,
874 1259 928 1296 sed
958 1270 1038 1297 ante
1058 1261 1127 1298 fos-

313 1305 317 1333 ἶ
359 1308 412 1344 sas
450 1310 700 1344 Antemuralia
737 1309 906 1346 fabricata
943 1311 1042 1347 fuisse
1072 1312 1125 1348 vi-

359 1358 507 1395 dentur.
525 1362 618 1395 Nam
644 1360 836 1395 Porcellius
859 1361 940 1396 Lib.
957 1374 992 1408 9.
1012 1361 1125 1397 Com—

359 1420 508 1446 mentar.
551 1409 673 1454 jacobi
721 1410 877 1446 Picinini
921 1425 996 1460 pag.
1044 1423 1125 1457 151.

357 1461 470 1496 Tomi
511 1463 586 1496 XX.
632 1463 711 1496 Rer.
757 1461 910 1497 Italicar.
947 1476 1125 1511 expugna-

357 1512 496 1548 tionem
524 1510 754 1548 castellionis
782 1511 975 1549 Mantuani
997 1514 1121 1550 deicti-

355 1563 469 1605 bens,
510 1561 581 1597 ait:
628 1562 765 1595 Vincunt
804 1562 876 1596 hinc
910 1565 1125 1598 Antemurole

356 1612 553 1655 Braeciani,
586 1622 787 1655 praetereunt
823 1612 897 1647 inde
931 1613 1043 1657 foras,
1081 1616 1124 1649 (9⁶

352 1663 424 1709 jam
451 1664 577 1698 vallum
603 1662 830 1706 ascendebant.

407 1715 471 1750 Sed
510 1714 649 1762 quando
677 1714 718 1748 de
745 1714 1014 1749 ffiztemuralibus
1041 1729 1120 1752 coe-

355 1765 393 1816 pi
432 1765 611 1805 disserere,
648 1763 733 1800 haec
769 1764 876 1800 etiam
916 1766 1038 1802 addere
1075 1767 1119 1802 li-

356 1826 434 1852 ceat
452 1843 460 1851 .
491 1818 622 1851 Romae
652 1815 711 1850 sub
738 1814 903 1858 Janiculo
932 1826 1054 1852 monte
1082 1817 1119 1853 in

357 1866 476 1903 Sancti
514 1866 636 1910 Jacobi
674 1867 714 1901 ad
752 1867 953 1914 Longaram
994 1867 1120 1904 Inscri-

356 1918 435 1966 ptio
463 1916 546 1952 haec
575 1917 755 1965 legebatur
773 1943 783 1960 ,
811 1916 892 1951 teste
921 1918 1119 1967 Turrigio,

355 1970 448 2004 Part.
487 1980 521 2004 2.
563 1981 640 2017 pag.
677 1978 763 2013 401.
800 1966 843 2002 de
878 1965 1007 2017 Crypt.
1048 1972 1119 2006 Va-

351 2028 460 2056 tican.

405 2109 519 2133 HANG
548 2105 724 2131 TVRREM
764 2106 814 2131 ET
844 2106 1002 2131 PAGINE
1030 2108 1112 2133 VNA

358 2183 491 2208 FACTA
522 2185 545 2208 A
577 2183 772 2208 MlLlTIAE
802 2183 1090 2209 CAPRACORVM

354 2258 454 2283 TEM.
483 2259 584 2283 noM.
613 2259 756 2284 1³20le
786 2259 908 2291 QVAR.
937 2260 994 2284 PP.

454 2335 533 2360 EGO
564 2335 734 2360 AGATHO
773 2337 811 2361 C!
817 2350 1012 2362 nnnnnn

350 2422 418 2461 hoc
446 2425 513 2466 est,
543 2429 693 2473 Tempore
721 2427 839 2461 Domni
866 2427 978 2462 Leonis
1005 2430 1114 2474 ‚Quar-

347 2477 376 2511 ti
403 2481 530 2521 Papae.
559 2479 604 2511 Et
633 2476 711 2511 heic
744 2477 988 2514 animadverte
1018 2479 1113 2514 rubi-

347 2528 465 2576 ginem
497 2527 660 2576 Linguae
685 2527 857 2563 Latinae.
885 2529 1008 2576 Joseph
1032 2530 1113 2565 Ma-

347 2579 399 2615 ria
427 2577 601 2615 Suarefius
631 2579 670 2615 in
698 2578 864 2617 Diatriba
884 2582 926 2618 de
955 2581 1113 2618 Forami-

1252 351 1400 388 eamque
1437 340 1692 389 interpretatur
1728 341 1891 388 repagula
1912 366 1923 383 ,
1963 341 2020 378 seu

1249 391 1511 436 Antemuralr‘a,
1542 404 1630 439 quae
1658 390 1805 427 obtendi
1834 389 1947 426 solent
1975 391 2016 428 ad

1252 441 1418 479 arcendos
1446 442 1578 479 hostes.
1609 444 1734 479 Altera
1764 440 1952 490 Inscriptio
1979 442 2016 479 in

1253 494 1348 529 Urbe
1377 494 1539 531 Leonina
1577 494 1759 542 legebatur
1794 491 1849 529 his
1878 493 2017 535 verbis,

1251 544 1304 580 uti
1333 543 1439 580 fidem
1467 544 1553 581 facit
1581 544 1771 595 Turrigius
1798 557 1908 594 nuper
1941 546 2018 582 lau·

1250 595 1375 631 datus:

1251 707 1513 733 TEMPORIBVS
1531 709 1633 733 DOM.
1650 708 1794 733 LEONIS
1813 708 1936 740 QVAR.
1958 710 2015 734 PP-

1247 785 1362 810 HANG
1392 785 1549 810 PAGINE
1578 785 1629 810 ET
1660 785 1761 810 DVAS
1792 785 1952 810 TVRRES

1300 861 1415 887 SAL'rx
1435 862 1530 887 SINE
1542 862 1704 888 M1L1T1A
1726 862 1993 887 CONSTRVXIT
2005 876 2015 887 ιι

1247 951 1437 1001 Turrigius
1463 966 1525 999 per
1552 965 1675 988 vocem
1705 952 1828 998 Pagine
1865 952 2011 988 Vallum

1248 1001 1366 1050 (nunc
1403 1004 1574 1045 Baſsiane,
1603 1004 1792 1050 Balaardo)
1822 1002 2009 1052 significari

1246 1053 1380 1090 censet.
1408 1054 1510 1089 Unde
1531 1054 1592 1090 ille
1613 1054 1679 1089 hoc
1700 1053 1886 1097 didicerit,
1906 1054 2010 1102 igno-

1244 1117 1303 1140 ro.
1341 1107 1429 1141 Sunt
1456 1115 1572 1141 autem
1601 1105 1690 1153 apud
1719 1114 1852 1141 veteres
1889 1103 2006 1140 nomi-

1244 1167 1289 1191 na
1341 1155 1508 1204 quaedam
1526 1183 1536 1200 ‚
1592 1169 1743 1203 quorum
1797 1154 2008 1204 significatio

1243 1219 1336 1242 nunc
1365 1207 1551 1243 admodum
1596 1207 1740 1243 obscura
1780 1206 1852 1249 est,
1895 1206 2009 1254 qualis

1244 1256 1351 1292 etiam
1397 1257 1538 1294 videtur
1573 1258 1731 1300 eortina,
1770 1257 1867 1305 cujus
1896 1256 2009 1293 sensus

1242 1308 1331 1355 apud
1359 1309 1569 1345 recentiores
1597 1309 1633 1345 in
1664 1307 1912 1344 Architefiura
1939 1308 2007 1344 mi-

1243 1359 1342 1394 litari
1384 1359 1583 1395 notiffimus
1619 1360 1687 1403 est,
1725 1372 1795 1395 non
1837 1359 1887 1395 ita
1925 1362 2008 1395 vero

1243 1408 1333 1454 apud
1362 1418 1516 1444 veteres.
1543 1409 1584 1444 In
1612 1410 1745 1445 Charta
1773 1412 1880 1445 Anno
1902 1409 2009 1446 Chri-

1242 1456 1281 1493 sti
1302 1459 1460 1494 MXXX.
1479 1458 1605 1505 scripta
1627 1459 1715 1507 apud
1732 1459 1892 1495 eumdem
1914 1461 2008 1496 Tur-

1241 1508 1370 1557 rigium
1402 1523 1477 1557 pag.
1502 1520 1585 1557 533.
1613 1510 1654 1546 de
1692 1510 1799 1545 domo
1827 1509 1976 1557 quadam
1994 1538 2004 1556 ‚

1239 1559 1274 1593 ὃ(
1301 1559 1466 1594 omnibus
1495 1568 1534 1594 ad
1564 1573 1639 1595 eam
1682 1559 1940 1607 pertinentibus
1968 1575 2005 1597 a-

1240 1608 1358 1657 gitur,
1394 1609 1496 1654 posita?
1524 1611 1610 1655 infra
1645 1611 1822 1646 Civitatem
1857 1614 2004 1657 Nabum,

1237 1660 1293 1706 qui
1319 1661 1500 1704 appellatur
1527 1662 1690 1697 Leoniana
1706 1689 1716 1705 ‚
1748 1661 1846 1707 juxta
1871 1663 2005 1699 Cortina

1239 1710 1368 1755 Majore
1394 1712 1480 1746 beati
1506 1713 1596 1746 Petri
1621 1712 1770 1757 Apostoli
1797 1713 1869 1750 ὅγε.
1893 1715 2003 1748 Acer-

1240 1761 1301 1796 bus
1342 1760 1451 1797 etiam
1490 1764 1638 1798 Morena
1684 1761 1899 1798 obsidionem
1930 1766 2001 1799 Ro-

1239 1824 1361 1848 manae
1391 1813 1497 1849 Urbis
1528 1815 1634 1849 Anno
1665 1815 1897 1850 MCLXVH.
1926 1823 2001 1850 ten-

1237 1871 1347 1898 tatam
1375 1877 1394 1899 a
1423 1863 1602 1900 Friderico
1631 1867 1656 1900 1.
1688 1865 1844 1913 Augusto
1874 1864 1999 1901 descri-

1238 1913 1340 1955 bens,
1367 1913 1451 1950 haec
1479 1915 1555 1951 ait:
1600 1919 1736 1959 Locum,
1776 1916 1831 1963 qui
1865 1917 1998 1951 Cortina

1236 1965 1352 1999 san-asli
1386 1966 1477 2001 Petri
1511 1967 1653 2010 dicitur,
1696 1965 1743 2006 (ἐφ’
1769 1967 1865 2001 etiam
1893 1967 2001 2001 Porti-

1235 2029 1302 2050 cum
1328 2016 1442 2051 Sanit‘ii
1468 2018 1558 2051 Petri
1584 2018 1664 2062 cepit
1691 2019 1758 2053 &c.
1786 2017 1884 2064 Quid
1916 2020 1998 2053 vero

1234 2066 1382 2101 Cortinae
1408 2068 1554 2103 nomine
1582 2078 1715 2104 veteres
1747 2068 1995 2117 significarint,

1235 2116 1384 2152 fortaffis
1422 2118 1618 2166 explicabit
1647 2119 1748 2155 nobis
1778 2118 1996 2154 Rolandinus

1236 2169 1349 2204 Seculi
1380 2170 1475 2204 XIII.
1510 2169 1727 2213 Historicus‚
1755 2170 1816 2218 qui
1840 2170 1920 2206 Lib.
1942 2181 1996 2205 12.

1234 2217 1324 2266 Cap.
1368 2231 1423 2265 14.
1461 2219 1675 2256 obsidionem
1723 2221 1835 2256 Castri
1877 2219 1995 2256 ganffi

1234 2268 1387 2305 Zenonis
1432 2282 1598 2309 narrans,
1644 2270 1789 2318 inquit:
1834 2274 1997 2306 Dederunt

1234 2320 1412 2365 extrinsecis
1439 2322 1721 2368 impugnantibus,
1761 2322 1867 2364 castri
1892 2322 1997 2357 muni-

1235 2373 1347 2406 tionem
1373 2381 1539 2407 extremam
1557 2399 1568 2414 ‚
1607 2386 1686 2419 quae
1718 2373 1851 2407 Cortina
1876 2375 1995 2419 vulga-

1235 2424 1310 2457 riter
1335 2422 1475 2462 dicitur,
1510 2423 1582 2464 five
1609 2424 1730 2459 Cinta.
1766 2424 1915 2459 Invenio
1944 2433 1995 2459 ta-

1236 2487 1313 2509 men
1341 2474 1378 2509 in
1407 2483 1563 2509 veterum
1592 2474 1742 2510 Tabulis
1770 2477 1904 2509 Domum
1928 2488 1994 2509 cum

1233 2527 1364 2560 cortina
1395 2525 1476 2569 sua,
1518 2538 1609 2560 nunc
1650 2525 1789 2561 cortile.
1830 2527 1877 2561 Et
1914 2525 1990 2561 sane

1233 2577 1352 2614 audire
1379 2576 1458 2613 heic
1484 2576 1616 2614 neceffe
1641 2575 1686 2612 est
1715 2577 1913 2662 Benzonesrn
1946 2577 1993 2612 E-

1828 2639 1864 2676 pl
1884 2640 1943 2663 cn<
