2206 3131
197 173 259 226 49⁴

468 163 838 212 DISSERTATIO
881 158 1450 219 VIGESIMAQUINCTA:

1677 184 1731 228 50

140 225 230 265 citer
258 229 404 264 Annum
431 228 677 263 Mcchlv.
706 225 801 261 edidi
829 226 905 260 To·
945 226 978 260 A
1025 225 1142 257 Camus
1170 224 1314 262 Latino,
1351 225 1403 259 che
1435 226 1466 267 fi
1491 227 1564 273 diff}
1599 244 1620 267 a
1647 232 1790 277 Rapin-

137 291 198 315 mo
230 281 290 315 IX.
330 281 408 314 Rer.
444 277 598 313 Italicar.
647 276 718 326 post
755 277 905 325 repetita

140 329 326 366 Ricobaldi
365 328 488 368 verba,
526 327 594 364 suis
635 340 776 375 quoque
815 325 906 375 Cap.

137 393 196 429 49.
227 381 350 416 luxum
380 379 526 420 aetatis,
556 392 622 426 qua
653 378 819 417 vivebat,
848 379 905 413 de-

137 431 281 468 scribit.
323 431 449 466 Eadem
489 430 593 466 habes
635 429 672 465 in
709 439 906 464 memorata

137 495 248 530 nuper
278 481 528 518 Differtatione
561 482 691 516 xxm.
719 483 824 517 Nunc
847 493 907 515 au-

139 542 212 569 tem
251 534 400 582 adjicere
437 533 559 581 juvat,
603 545 691 581 quae
739 533 776 567 in
819 531 907 566 hanc

135 584 245 632 ipsam
298 597 370 620 rem
428 584 557 631 {cripta
607 583 756 630 reliquit
803 583 908 625 Joan-

140 649 199 671 nes
229 635 411 670 Villanius
447 634 598 681 ejusdem
644 634 758 668 Seculi
789 633 908 668 Histo-

139 687 254 729 ricus,
293 685 353 720 ubi
399 685 596 720 Florentini
637 684 765 732 Populi
794 696 908 718 mores

140 735 410 784 (Ricobaldum
455 735 603 771 fortassis
640 736 677 770 ἃ
716 733 787 781 ipse
828 744 909 769 ante

140 788 264 823 oculos
287 785 434 833 habuit)
450 795 531 821 ante
553 789 698 820 Annum
716 786 907 821 MCCLX.

144 850 162 874 a
192 839 277 873 luxu
306 837 439 872 alienos
467 835 651 871 describit.
680 837 824 875 Allava,
851 836 907 871 in-

138 889 241 936 quit,
284 889 296 922 i
336 887 501 922 cittadini
540 888 576 920 di
605 888 743 933 Firenze
769 888 908 921 viveano

134 938 245 985 Jobrj,
273 952 289 973 e
314 939 350 973 di
372 936 471 986 groffe
496 938 662 977 vivande,
689 951 705 971 e
731 951 783 970 con
808 938 907 981 picco-

140 990 170 1023 le
201 989 313 1036 spese,
354 1002 371 1023 e
408 989 445 1022 di
487 989 575 1021 molti
617 988 741 1029 coslumi
772 989 866 1033 groJJi
892 1001 908 1022 e

135 1041 233 1081 rudi,
276 1053 292 1073 e
318 1039 355 1073 di
386 1039 481 1086 groffi
506 1039 624 1082 drappi
649 1038 816 1079 vesti-vano
842 1039 907 1072 loro

136 1104 153 1124 e
188 1090 252 1124 toro
291 1093 421 1125 Daune.
467 1091 498 1124 E
546 1089 636 1124 molti
672 1099 852 1136 portavano
878 1089 906 1123 le

135 1141 223 1176 Pell,
245 1141 380 1187 scoperte
402 1140 502 1186 senza
525 1151 658 1185 panno,
695 1153 747 1173 con
776 1141 906 1174 berrette

137 1192 171 1226 in
200 1204 273 1233 capo
289 1215 299 1230 ,
327 1191 373 1229 &⁹
400 1202 477 1225 tum
498 1204 550 1225 con
571 1192 668 1233 usatti
685 1189 904 1239 (stivaletti)

137 1242 172 1277 in
198 1243 308 1286 piede.
338 1244 368 1276 E
395 1243 424 1276 le
454 1245 563 1276 Donne
584 1243 768 1276 Ftorentine
787 1240 829 1275 ω’
840 1242 903 1276 cal-

139 1294 212 1337 zari
233 1293 333 1338 senza
370 1294 575 1334 ornamenti;
614 1306 630 1326 e
668 1291 851 1336 paffavanlt'
876 1295 906 1326 le

139 1343 296 1388 maggiori
323 1341 356 1376 (Γ
373 1356 436 1376 una
459 1343 611 1388 gonnella
637 1342 716 1385 affui
736 1342 850 1381 strena
869 1343 906 1375 di

137 1391 237 1440 graffo
264 1393 424 1426 Scarlatto
449 1392 486 1425 di
510 1403 587 1438 pro,
614 1405 630 1425 ο
656 1394 692 1425 di
715 1405 818 1430 camo,
837 1392 903 1425 cin—

140 1453 176 1477 ta
203 1443 253 1476 ivi
275 1443 314 1485 su
339 1441 445 1475 d'uno
471 1442 623 1487 schegtale
652 1441 854 1480 all’antica,
890 1456 905 1475 e

138 1505 200 1527 uno
226 1493 375 1527 mantello
405 1492 549 1535 foderato
575 1491 612 1524 di
649 1491 729 1534 Vajo
767 1492 814 1526 col
839 1493 904 1532 tal-

131 1542 210 1589 fello
231 1542 349 1588 sopra,
376 1555 392 1576 e
417 1542 607 1589 portavanlo
635 1542 667 1575 in
695 1553 788 1588 capo.
819 1544 848 1576 Ε
875 1543 904 1576 le

137 1593 261 1629 comuni
300 1596 409 1627 nonne
445 1594 617 1628 andavano
656 1593 768 1634 vestite
794 1591 904 1626 d'uno

130 1642 231 1692 groffla
268 1645 364 1678 verde
399 1643 435 1678 di
473 1643 618 1689 cabragio
655 1653 711 1688 per
746 1644 777 1677 lo
801 1642 903 1683 simile

133 1698 239 1730 modo.
283 1697 314 1729 Ε
356 1695 451 1729 Libye
489 1705 574 1728 cento
600 1707 653 1728 era
679 1707 802 1728 comune
826 1698 902 1728 dota

132 1746 170 1781 di
196 1746 333 1791 moglie‚
374 1758 389 1779 e
418 1744 514 1780 Lilyre
552 1747 689 1792 dugento
728 1758 744 1778 e
770 1755 901 1779 trecento

133 1809 189 1831 era
223 1810 243 1830 a
279 1794 347 1843 que'
363 1796 458 1842 tempi
497 1807 604 1831 tenum
628 1796 826 1842 sfolgorata.
870 1798 900 1829 E

134 1848 197 1895 pria
237 1847 319 1881 delle
358 1847 487 1893 pulcelle
527 1860 650 1882 aveano
682 1846 817 1880 ventio
841 1847 901 1890 pn),

132 1899 235 1940 anni,
276 1899 355 1943 anzi
381 1900 432 1932 che
458 1896 626 1943 andaffono
651 1912 672 1931 a
698 1898 832 1932 marito.
869 1899 900 1931 E

137 1949 175 1983 di
201 1949 259 1983 cosi
284 1948 366 1991 fatto
391 1950 477 1983 abite
502 1963 517 1983 e
542 1948 670 1990 costume
689 1946 818 1995 egroffo
837 1961 900 1981 mo·

134 2000 176 2034 do
202 2012 294 2033 erano
319 2000 420 2034 allora
448 1999 460 2033 ἱ
487 1999 692 2034 Ρίονεητίηὶ.·
732 2012 783 2032 ma
809 2011 902 2032 erano

133 2049 172 2084 di
198 2051 300 2083 buona
325 2049 393 2091 fede
418 2063 434 2082 e
460 2049 539 2083 leala'
566 2061 617 2083 tra
643 2050 728 2088 loro,
756 2062 772 2082 e
797 2050 832 2083 al
855 2051 902 2082 lo-

136 2111 171 2134 ro
197 2102 362 2134 Comune:
400 2112 416 2132 e
456 2099 536 2133 colla
575 2099 638 2133 loro
660 2097 762 2145 groffa
788 2109 862 2133 vita
886 2112 902 2133 e

131 2152 268 2197 povertd
294 2150 409 2192 feciono
436 2149 591 2192 maggiori
616 2163 632 2183 e
655 2151 716 2193 piia
741 2149 901 2183 virtudio·

125 2200 163 2246 se
190 2201 272 2244 cose,
308 2201 360 2234 che
387 2213 447 2234 non
471 2200 544 2244 sono
566 2199 650 2243 fatte
675 2200 706 2234 a'
722 2201 819 2243 tempi
845 2213 900 2234 no-

125 2251 189 2295 [tri
215 2264 267 2285 con
293 2252 353 2298 piic
379 2252 581 2296 morlsm'ezza
617 2264 633 2284 e
672 2264 726 2285 con
754 2252 813 2295 ριῖι
839 2251 898 2285 ric-

132 2302 272 2346 cbezza.
318 2302 417 2336 Paria
459 2301 501 2336 de
542 2302 699 2348 antiquis
729 2302 898 2337 Romanis

132 2351 275 2388 Eruditi
304 2352 507 2388 disseruere.
535 2353 700 2387 Occurrit
729 2352 806 2387 heic
834 2365 898 2387 no-

132 2402 186 2438 bis
211 2402 308 2447 graffo
335 2404 495 2437 scarlatto
520 2409 555 2436 dt
581 2407 643 2436 oro
669 2418 685 2436 ο
709 2404 746 2437 di
775 2406 897 2438 camo.

133 2452 168 2488 s}
203 2453 354 2501 Aegidio
380 2452 554 2501 Menagio
581 2453 800 2501 adquiescere
833 2466 895 2488 vo-

132 2503 272 2541 lumus,
301 2505 412 2539 vanni
439 2504 542 2554 hujus
569 2507 700 2553 lpecies
734 2507 828 2539 viene
852 2508 896 2539 da
920 2504 934 2539 1
969 2494 983 2530 ¹

235 2557 323 2590 Tom.
343 2557 382 2590 V.

1025 286 1084 316 ra,
1112 273 1173 306 εῐοὲ
1199 289 1219 308 a
1245 275 1352 321 quella
1378 278 1486 322 Capra
1515 281 1698 323 salvatica,
1739 283 1791 317 che

1018 323 1058 367 fa
1079 324 1113 357 in
1133 324 1242 370 luoghi
1263 326 1430 368 montuost.
1453 330 1505 364 Ira
1528 329 1593 365 ille
1614 330 1649 366 in
1666 333 1789 370 Trafi‘t.

1023 375 1065 410 de
1092 375 1235 423 Origin.
1264 376 1425 426 Linguae
1454 381 1533 416 Ital.
1572 382 1648 417 Nos
1677 385 1790 430 Rupi-

1023 438 1170 474 capras,
1208 427 1263 462 uti
1301 441 1409 476 nuper
1445 431 1590 476 monui,
1634 435 1790 482 appella-

1023 490 1099 512 mus
1141 480 1325 524 Camozze‚
1371 482 1526 524 Camofcie
1550 507 1561 523 ,
1609 497 1790 533 nunquam

1024 540 1107 562 vero
1135 532 1250 564 Camo.
1282 531 1405 577 Neque
1433 535 1543 568 ullum
1574 536 1789 573 Latinorum

1023 580 1225 626 exemplum
1263 580 1394 617 adferre
1438 584 1556 631 potuit
1598 587 1788 636 Menagius

1023 629 1200 675 iylvestres
1229 630 1362 677 Capras
1390 632 1640 684 Capras—Cami
1668 640 1789 686 appel-

955 684 982 719 Β
1023 681 1158 716 latione
1198 681 1298 718 fuiffe
1333 684 1503 722 donatas.
1555 689 1602 723 Et
1643 689 1789 736 quidem

1023 733 1131 779 pelles
1160 732 1195 767 di
1223 735 1411 778 Camoscia,
1440 738 1558 785 magni
1587 739 1712 788 utique
1737 739 1789 775 fa·

1023 782 1094 817 &tas
1109 808 1120 822 ‚
1142 793 1275 820 veteres
1297 786 1404 821 etiam
1427 801 1670 839 agnoverunt3
1702 804 1787 839 pan-

1022 846 1085 868 nos
1122 845 1237 869 autem
1281 850 1324 871 ex
1362 839 1561 887 hujusmodi
1589 843 1786 886 Caprarum

1023 884 1106 931 pilis
1133 897 1320 923 contextos
1357 902 1399 924 an
1437 890 1620 938 quisquam
1650 905 1787 928 memo·

1022 936 1136 975 rarit,
1174 936 1332 987 ignor0;
1380 953 1578 988 quanquam
1622 947 1755 977 Camoca
1774 966 1786 982 9

1022 987 1052 1019 8<
1083 989 1253 1020 Camucum
1295 990 1397 1024 nobis
1434 992 1568 1026 dederit
1613 992 1788 1028 Du-Can-

1022 1035 1098 1084 gius
1126 1036 1162 1071 in
1192 1038 1387 1074 Gloffario.
1430 1042 1580 1078 Proinde
1608 1043 1697 1079 mihi
1726 1053 1787 1080 aut

1022 1097 1155 1121 certum
1193 1098 1254 1123 aut
1284 1090 1356 1125 veri
1387 1091 1526 1127 videtur
1555 1092 1729 1137 fimiiius,
1767 1109 1787 1130 a

949 1140 978 1172 s
1023 1137 1185 1172 Villanio
1222 1139 1370 1176 indicari
1417 1145 1613 1178 Scarlattum
1654 1147 1786 1180 Cadomi

1020 1189 1108 1223 olim
1140 1190 1369 1230 tabricatum,
1399 1192 1463 1229 hoc
1491 1194 1536 1229 est
1561 1196 1597 1230 in
1619 1195 1785 1233 Civitate

1021 1239 1159 1274 Gallica
1187 1243 1297 1285 caen,
1342 1256 1444 1289 quam
1475 1245 1582 1280 Tusci
1613 1256 1696 1281 tunc
1724 1261 1786 1296 ap-

1023 1291 1199 1335 pellabant
1225 1295 1342 1327 camo.
1374 1295 1551 1330 Villanius
1581 1296 1672 1331 idern
1701 1299 1785 1333 Lib„

1024 1341 1101 1373 ΧΗ.
1129 1342 1215 1385 Cap.
1240 1346 1300 1377 62.
1328 1343 1370 1377 de
1399 1346 1552 1393 Angliae
1582 1349 1674 1396 Rege
1696 1350 1786 1384 Gal-

1020 1390 1105 1424 liam
1135 1391 1287 1427 vastante
1331 1393 1472 1430 scribit:
1522 1400 1571 1431 La
1613 1402 1712 1433 Terra
1747 1400 1785 1434 di

1019 1442 1117 1474 camo
1144 1441 1156 1487 (
1179 1441 1215 1475 in
1247 1445 1464 1479 Normandia
1487 1447 1500 1493 )
1537 1449 1590 1491 gli
1622 1450 1683 1491 fece
1711 1451 1786 1491 refi-

1014 1490 1126 1533 stenza
1150 1503 1206 1537 per
1232 1495 1261 1525 lo
1286 1494 1444 1535 castello,
1485 1497 1538 1530 che
1564 1497 1661 1532 v'era
1685 1500 1785 1542 some.

1022 1541 1143 1586 ltaque
1180 1541 1210 1576 is
1239 1555 1390 1590 pannum
1430 1558 1688 1585 commemorat
1716 1553 1787 1586 Ca-

950 1589 979 1621 D
1019 1590 1171 1625 domenfi
1201 1593 1237 1627 in
1269 1595 1363 1629 Urbe
1391 1594 1625 1634 fabricatum.
1677 1603 1784 1646 Quod

1019 1642 1051 1675 δ(
1075 1643 1313 1689 praecedentia
1335 1646 1508 1684 ostendere
1529 1651 1686 1697 poffunr.
1712 1655 1785 1688 Ne-

1019 1705 1086 1739 que
1113 1693 1208 1728 enim
1238 1695 1422 1742 legendum
1463 1698 1514 1735 ibi
1541 1702 1578 1735 di
1605 1705 1687 1741 Pub,
1731 1703 1786 1739 sed

1017 1742 1157 1790 d’Ipro,
1187 1754 1225 1779 ut
1253 1746 1313 1780 alii
1343 1748 1496 1784 Codices
1523 1749 1677 1789 habent.
1715 1756 1785 1790 A!-

1018 1802 1090 1828 tera
1112 1795 1195 1830 haec
1216 1794 1284 1831 fuit
1305 1799 1410 1842 panni
1431 1798 1582 1846 species,
1606 1803 1640 1838 in
1663 1805 1784 1847 [prensi

1019 1845 1182 1881 civitate
1208 1848 1398 1883 eiaborati.
1441 1851 1546 1886 Porro
1574 1853 1615 1888 ad
1645 1855 1784 1891 Auc'io-

1019 1908 1071 1930 res
1098 1895 1265 1933 hasienus
1293 1910 1504 1937 memoratos
1532 1904 1673 1940 accedat
1701 1909 1784 1943 Fra-

1019 1956 1072 1982 ter
1099 1948 1323 1984 Gualvaneus
1359 1951 1401 1985 de
1428 1952 1461 1986 la
1491 1954 1648 1990 Flamma
1666 1983 1677 2000 ,
1713 1959 1784 1992 Or—

1018 1997 1113 2033 dinis
1143 1999 1422 2036 praedicatorum
1442 2029 1451 2038 .
1480 2005 1642 2040 Florebat
1670 2005 1709 2043 &
1737 2008 1784 2044 il-

945 2051 973 2085 E
1019 2049 1052 2083 le
1080 2049 1201 2084 eodem
1231 2052 1355 2087 Seculo
1386 2055 1481 2088 xlv.
1510 2054 1575 2090 hoc
1603 2056 1673 2098 est,
1704 2060 1783 2095 An-

1020 2112 1067 2134 no
1104 2102 1327 2138 MCCCXL.
1365 2102 1402 2138 &
1440 2115 1575 2152 praeter
1611 2106 1783 2157 Manipu-

1018 2151 1092 2185 lum
1124 2153 1290 2195 florum,
1330 2166 1432 2199 quem
1472 2168 1536 2203 ego
1573 2158 1669 2205 typis
1712 2170 1784 2196 tra-

1018 2200 1092 2237 didi
1121 2201 1158 2237 in
1186 2205 1305 2238 Tomo
1330 2205 1389 2239 XI.
1414 2206 1487 2240 Rer.
1512 2206 1666 2245 Italicar.
1691 2213 1783 2247 mul-'

1018 2261 1052 2286 ta
1081 2253 1150 2288 alia
1188 2253 1362 2289 Historiae
1399 2268 1629 2296 monumenta
1665 2262 1781 2299 literis·

1015 2302 1256 2353 confignavit,
1285 2304 1460 2342 adservata
1491 2309 1603 2345 adhuc
1632 2310 1669 2347 in
1702 2315 1782 2361 plu-

1015 2355 1080 2389 teis
1124 2353 1373 2392 Ambrofianae
1420 2359 1667 2398 Bibliothecae
1693 2389 1702 2398 .
1747 2365 1778 2399 Is

1014 2417 1096 2452 ergo
1125 2405 1160 2439 in
1189 2403 1374 2443 Chronico
1402 2409 1534 2456 Majori
1565 2414 1672 2447 MSro
1692 2414 1778 2450 Lib.

1019 2458 1074 2490 18.
1099 2453 1189 2502 Cap.
1227 2457 1262 2493 6.
1301 2457 1352 2493 ita
1393 2458 1530 2495 suorum
1575 2471 1776 2509 temporum

1018 2518 1131 2541 mores
1167 2507 1346 2544 delineat.
1395 2511 1506 2546 Anno
1549 2513 1778 2551 MLCCXL,

1068 2557 1104 2591 D
1664 2564 1726 2605 Isto
