2206 3131
420 215 471 255 23
721 199 1134 259 ANTIQUIT.
1180 199 1419 243 MEDII
1458 199 1637 243 AEVI
1881 219 1937 260 24

355 267 417 290 tem
444 256 537 292 nihil
564 255 660 293 aliud
689 255 808 298 fuisse,

354 306 526 351 ornandi,
554 320 620 353 ope
648 307 785 345 scilicet
812 323 914 356 acus,
941 313 974 347 8<
997 311 1119 347 distin-

352 356 483 404 guendi
519 358 627 394 variis
674 358 911 407 imaginibus,
970 361 1119 411 aliisque

352 405 504 448 florum,
526 406 699 444 fruetuum
722 408 793 446 &c.
813 413 920 447 telam
942 412 1010 461 jam
1033 427 1118 448 con-

351 464 513 502 textam,
556 458 736 507 ipsamque
777 461 953 499 interdum
985 465 1118 500 colori-

351 507 415 544 bus
455 510 648 549 variatam,
685 511 798 558 qualis
843 513 912 549 fuit
939 516 1115 561 Stragula.

350 559 526 595 Eumdem
558 561 699 608 Papiam
729 562 841 599 rursus
878 563 980 600 audi:
1023 569 1116 600 Stra—

347 611 485 656 gulum,
525 610 621 653 vestis
661 611 790 656 discolor
827 615 991 650 Plumario
1032 627 1117 661 opere

346 660 462 705 [αἶα.
491 662 574 696 Hinc
603 664 756 709 Stragula
781 666 878 707 vestis
896 693 904 701 .
932 665 996 701 Sed
1023 670 1116 701 Stra-

348 711 430 758 gula
467 710 534 747 five
570 713 742 759 Stragulas
779 717 969 764 appellatas
1007 717 1113 752 etiam

352 761 504 797 arbitror
540 763 627 799 telas
669 764 703 798 8<
734 765 837 801 vestes
867 767 965 802 vario
998 768 1115 803 colore

352 811 554 852 confeae‘cas,
597 826 808 863 quamquam
854 819 989 853 nullum
1020 832 1114 854 acce-

353 862 448 898 deret
479 865 675 900 plumariae
704 867 805 902 Artis
841 879 1113 905 ornamentum.

351 914 489 961 Phrygii
526 924 670 955 autem,
707 915 764 952 seu
805 919 965 953 Plumarii
999 920 1114 966 operis

352 963 495 1012 vestigia
533 964 714 1003 sublucent
751 967 861 1004 adhuc
896 969 932 1004 in
967 970 1113 1006 Codici-

353 1014 415 1049 bus
443 1014 621 1063 antiquis,
650 1017 710 1052 ubi
740 1018 943 1065 Principum
982 1019 1114 1068 effigies

352 1064 467 1111 pifftae
503 1077 715 1103 occurrunt.
767 1069 871 1115 Apud
915 1068 1113 1106 Monachos

351 1113 530 1151 Cafinates
575 1119 708 1153 Romae
748 1119 946 1156 Bibliorum
990 1122 1113 1157 Codex

354 1166 570 1202 venerandae
616 1168 843 1216 antiquitatis
889 1170 1113 1212 adservatur.

352 1215 410 1251 cui
440 1217 618 1263 praemissa
660 1219 703 1254 est
740 1220 862 1256 Caroli
901 1224 1112 1258 Francorum

353 1267 459 1315 Regis
487 1267 605 1316 imago
634 1268 878 1319 (Magni-ne,
908 1284 948 1306 an
977 1272 1113 1312 Calvi,

351 1315 550 1365 incertum)
580 1331 683 1364 quam
712 1321 827 1356 aeneis
856 1322 950 1368 typis
978 1323 1114 1358 edidere

354 1367 526 1403 Nicolaus
552 1369 791 1410 Alemannus,
820 1370 857 1405 &
878 1371 1115 1408 Mabillonius

352 1417 423 1452 viri
452 1418 670 1454 Clarissimi.
722 1420 774 1456 Ibi
818 1431 900 1469 toga
944 1422 1049 1470 Regis
1077 1436 1114 1458 ac

353 1468 508 1512 Reginae
536 1482 639 1516 opere
669 1470 822 1519 Phrygio
865 1482 1032 1508 exornata
1060 1473 1115 1508 vi-

350 1517 452 1553 fitur.
494 1521 638 1563 Quanta
681 1524 763 1556 vero
802 1521 960 1569 antiquis
1006 1523 1111 1558 etiam

353 1568 569 1615 temporibus
610 1571 782 1618 Anglicae
831 1572 944 1620 gentis
989 1574 1113 1620 peritia

352 1619 442 1653 soret
471 1619 507 1654 in
537 1619 629 1655 hisce
659 1634 822 1657 manuum
851 1623 1035 1670 operibus,
1064 1632 1115 1659 te-

351 1669 406 1704 stis
445 1669 489 1704 est
528 1670 667 1707 Afflor
706 1672 886 1708 Gestorum
925 1673 1114 1709 Guilielmi

352 1720 562 1768 cognomine
584 1722 851 1768 Conquiflatoris,
872 1724 1025 1772 Angliae
1047 1727 1114 1760 Re-

353 1770 426 1819 gis,
464 1771 561 1817 cujus
590 1770 667 1807 sunt
695 1773 819 1808 verba:
858 1774 1020 1820 Anglicae
1055 1789 1115 1810 na-

350 1821 444 1855 tionis
477 1821 616 1865 feminae
657 1824 791 1858 muldam
817 1838 873 1859 acu
902 1825 944 1858 &⁵
969 1825 1042 1859 auri
1067 1835 1114 1859 te-

350 1873 445 1905 xmrd
462 1899 472 1915 ‚
508 1873 629 1919 egregie
655 1874 724 1908 υῐνί
749 1874 782 1908 in
810 1875 895 1908 omni
924 1875 1036 1909 valent
1061 1888 1115 1910 ar-

350 1921 474 1966 tifisio.
520 1924 706 1970 Propterea
757 1924 890 1959 celebre
931 1924 1000 1960 fuit
1042 1937 1117 1970 opus

351 1973 552 2019 Anglicum,
580 1981 619 2008 ut
647 1973 777 2010 constat
804 1988 846 2010 ex
876 1977 995 2011 Leone
1015 1975 1116 2011 Mar-

352 2022 465 2058 ficano
494 2023 572 2059 Lib.
598 2035 630 2060 2.
654 2027 741 2071 Cap.
769 2036 827 2072 33.
854 2025 1022 2061 Chronic.
1044 2024 1116 2062 Ca-

353 2072 509 2108 finensis.
548 2075 609 2109 Sed
648 2076 681 2110 δ(
711 2076 855 2111 Saeculo
891 2074 1023 2112 Christi
1053 2078 1116 2113 VI.

354 2123 487 2159 summa
516 2123 612 2160 fuisse
641 2126 781 2161 videtur
801 2125 971 2162 Italorum
994 2127 1029 2162 in
1054 2127 1116 2163 hac

353 2175 444 2210 Arte
473 2173 636 2210 solertia.
673 2179 941 2212 Commemorat
982 2178 1117 2226 Agnei-

355 2225 410 2260 lus
438 2223 474 2259 in
504 2225 590 2259 Vita
621 2226 839 2262 Maximiani
866 2227 1116 2270 Archiepilco-

355 2275 390 2322 pi
422 2275 661 2315 Ravennatis,
698 2278 817 2311 Tomo
855 2279 900 2313 11.
940 2280 1017 2313 Rer.
1046 2280 1116 2313 lta-

354 2324 452 2361 licar.
482 2326 646 2360 Endothin
675 2327 825 2372 bzffinam
852 2328 1115 2373 pretiosiffimam‚

356 2376 446 2410 illius
471 2374 555 2421 juffu
575 2375 722 2412 fastam.
750 2378 844 2412 Tum
869 2378 1002 2414 subdit:
1033 2380 1116 2425 Quis

349 2425 484 2468 similem
512 2428 620 2461 videre
645 2428 777 2471 potuit?
804 2430 875 2462 Non
901 2429 996 2474 potas}
1024 2431 1117 2463 aliter

356 2477 516 2518 aestimare
557 2477 641 2521 ipsas
671 2478 843 2524 imagines,
884 2489 939 2513 aut
977 2478 1116 2521 bestias,

354 2537 413 2563 aut
439 2531 598 2569 volucres,
627 2542 704 2576 quae
731 2529 780 2565 ibi
801 2527 910 2574 fac‘lae
929 2529 1028 2575 sunt,
1057 2529 1118 2573 nist

1135 2444 1141 2576 l
1196 2433 1202 2569 l

846 262 951 309 quam
991 263 1119 296 Artem
1142 259 1192 294 =A
1229 261 1311 307 quod
1338 260 1371 293 in
1401 272 1491 294 carne
1509 273 1614 295 omnes
1630 259 1732 295 vivae
1751 260 1849 305 sunt.
1877 263 1992 299 Immo

1230 311 1293 347 vix
1321 310 1486 352 fallatur,
1527 310 1591 358 qui
1627 324 1697 347 non
1726 314 1865 348 tantum
1894 311 1994 348 Afia-

1229 360 1334 401 ticis.
1361 361 1417 397 led
1444 360 1523 410 ipfis
1551 361 1658 397 etiam
1689 363 1858 399 Romanis
1875 390 1885 407 ‚
1914 364 1994 399 lon-

1228 424 1270 460 ge
1296 422 1399 448 antea
1427 421 1548 449 notam
1588 412 1687 449 fuiffe
1722 422 1833 450 artem
1872 423 1993 450 conte-

1228 462 1334 498 xendi
1363 464 1523 502 Aulaea‚
1564 462 1633 499 five
1659 464 1748 500 telas
1776 464 1992 513 imaginibus

1228 514 1378 549 variatas
1419 513 1609 550 arbitretur
1631 540 1640 548 .
1688 515 1864 562 Perpende
1905 515 1991 562 quid

1228 564 1318 600 velit
1335 563 1515 611 Vergilius
1531 564 1735 614 Georgicor.
1751 565 1835 602 Lib.
1853 577 1886 613 3.
1905 564 1991 602 vers.

1229 625 1287 661 23.
1308 614 1391 651 dum
1419 613 1492 650 ait:

1276 720 1440 762 Purpurea
1467 715 1583 750 intexti
1608 716 1723 752 tollant
1749 717 1880 752 Aulaea
1913 717 1992 752 Bri-

1326 777 1439 802 taum.

1226 868 1444 905 Memoravit
1472 881 1611 915 quoque
1632 868 1836 904 Macrobius
1858 868 1938 904 Lib.
1953 880 1986 915 ς.

1224 921 1310 966 Cap.
1337 933 1390 967 17.
1420 920 1590 955 Saturnal.
1616 919 1720 959 illos,
1748 920 1802 966 qui
1821 919 1987 966 figmentis

1222 971 1363 1005 liniarum
1390 980 1546 1005 contextas
1575 969 1743 1004 imitantur
1766 969 1909 1016 figuras.

1273 1021 1330 1056 Ad
1387 1021 1469 1056 haec
1514 1029 1612 1054 erant
1660 1021 1791 1055 Seculis
1842 1020 1985 1056 rudibus

1223 1071 1356 1111 Pallia,
1386 1071 1452 1106 five
1480 1072 1636 1108 Aulaea,
1665 1069 1732 1105 five
1763 1071 1987 1106 Peristrorna-

1222 1132 1284 1162 ta,
1312 1135 1330 1157 a
1358 1120 1501 1157 Graecis
1528 1121 1560 1155 8<
1591 1120 1734 1156 Latinis
1762 1130 1862 1155 antea
1891 1120 1988 1156 usur-

1178 1196 1187 1207 .
1223 1181 1322 1218 pata:
1352 1185 1542 1218 eorumque
1578 1169 1655 1206 usus
1697 1170 1879 1219 praecipue
1916 1170 1987 1207 fuit

1221 1223 1258 1258 in
1296 1223 1431 1258 aedium
1474 1221 1691 1271 Regiarum‚
1733 1222 1990 1269 Templorum·

1221 1286 1287 1321 que
1315 1273 1557 1309 ornamentis.
1606 1273 1799 1306 Decernere
1839 1272 1988 1308 minime

1221 1323 1348 1363 aufim‚
1391 1337 1432 1359 an
1461 1336 1503 1358 ex
1534 1321 1578 1357 iis
1617 1321 1724 1357 essent
1752 1321 1920 1357 fabricata
1948 1322 1986 1357 in

1223 1373 1346 1412 Italia,
1375 1386 1464 1419 quae
1492 1381 1676 1407 contextas
1703 1371 1869 1407 haberent
1894 1370 1985 1420 figu-

1221 1437 1272 1458 ras
1302 1423 1510 1462 hominum,
1542 1422 1758 1461 belluarum,
1796 1422 1986 1467 arborum,

1222 1483 1324 1521 atque
1352 1473 1525 1521 ejusmodi
1554 1484 1688 1507 rerum.
1719 1471 1824 1518 Apud
1854 1471 1986 1507 Afiati-

1222 1537 1279 1559 cos
1306 1534 1398 1559 certe
1427 1523 1587 1558 fuerunt.
1624 1524 1674 1557 Ea
1716 1534 1807 1556 nunc
1835 1534 1898 1557 nos
1926 1535 1987 1569 ap-

1222 1575 1391 1621 pellamus
1427 1574 1586 1619 AWZU'·
1625 1573 1666 1607 ab
1709 1572 1804 1607 Urbe
1832 1573 1984 1608 Atreba-

1222 1623 1328 1665 tenli‚
1364 1624 1433 1660 sive
1469 1622 1587 1669 Araffb
1605 1649 1614 1664 ,
1643 1622 1787 1657 nomine
1814 1623 1986 1668 affumm,

1222 1688 1291 1710 non
1319 1675 1411 1722 quod
1441 1674 1492 1710 ibi
1516 1673 1667 1722 primum
1689 1672 1891 1719 excogitata
1911 1672 1986 1708 fue-

1223 1725 1271 1761 rit
1308 1724 1489 1774 ingeniosa
1528 1736 1646 1760 eorum
1685 1722 1884 1762 strufflura,
1932 1723 1989 1760 sed

1223 1776 1315 1821 quod
1343 1785 1511 1811 renovata
1539 1773 1686 1810 successu
1724 1775 1826 1821 plane
1867 1772 1989 1810 felici.

1225 1828 1277 1861 Ita
1304 1826 1434 1872 Duagio
1469 1825 1556 1861 olim
1598 1825 1838 1871 appellabatur
1873 1823 1986 1871 quod-

1223 1876 1301 1911 dam
1331 1876 1435 1920 panni
1465 1889 1573 1925 genus
1603 1875 1715 1910 Duaci
1743 1873 1984 1924 fabricatum3

1224 1927 1273 1962 ita
1302 1927 1455 1968 Damasco
1481 1926 1587 1962 serica
1614 1926 1685 1961 tela
1713 1935 1882 1969 vocatur,
1920 1938 1986 1959 no·

1225 1976 1296 2013 stris
1337 1976 1555 2023 temporibus
1597 1975 1812 2011 ufitatiffima
1839 2003 1848 2018 ‚
1891 1973 1984 2022 quod

1223 2027 1310 2063 olim
1341 2041 1382 2063 ex
1412 2026 1512 2063 Urbe
1541 2025 1712 2061 Damasco
1737 2025 1986 2062 deveheretur.

1225 2079 1349 2125 Neque
1378 2078 1445 2113 alia
1472 2077 1513 2112 de
1540 2076 1655 2112 caussa
1681 2076 1782 2111 nobis
1804 2076 1910 2118 Rensa
1932 2075 1985 2111 di-

1225 2128 1317 2164 citur
1343 2128 1517 2175 quoddam
1549 2126 1790 2162 subtiliflirnae
1809 2127 1899 2162 telae
1924 2139 1984 2173 ge-

1224 2192 1307 2221 nus,
1346 2177 1406 2212 nisi
1436 2178 1529 2225 quod
1560 2176 1677 2211 Remis
1718 2176 1866 2223 antiquo
1895 2185 1985 2211 tem-

1223 2242 1304 2267 pore
1334 2227 1588 2266 fabricabatur,
1617 2239 1721 2272 quam
1743 2227 1872 2260 Urbem
1900 2225 1983 2263 Itali

1223 2273 1310 2313 'Rem
1338 2279 1509 2326 appellare
1538 2276 1811 2311 consueverunt.
1841 2278 1983 2311 Memo-

1222 2338 1342 2364 rantur
1382 2328 1487 2363 etiam
1534 2327 1575 2362 ab
1617 2325 1772 2373 antiquis
1816 2326 1982 2362 Perislro-

1223 2389 1313 2414 mata
1343 2376 1557 2423 Babylonica
1584 2376 1673 2422 pitsla
1707 2377 1863 2422 superbe,
1905 2386 1981 2416 tum

1222 2430 1393 2468 Attalica,
1420 2429 1532 2464 immo
1555 2425 1592 2463 &
1613 2429 1828 2473 Campanica.
1858 2426 1956 2462 Piffia
1972 2451 1984 2467 ,

1224 2480 1388 2527 inquam:
1419 2492 1488 2524 quo
1517 2487 1635 2513 tamen
1663 2477 1807 2512 nomine
1836 2476 1986 2522 figuras,

1223 2529 1335 2567 veluti
1362 2529 1556 2580 pffiuram,
1584 2541 1664 2565 cum
1691 2528 1773 2566 telis
1801 2538 1984 2614 cosme->itas

1842 2591 1933 2628 lgm—
