2206 3131
668 245 1111 306 ANNQJJT.

492 356 953 394 RAGUSIUM.

403 261 485 303 723

473 456 608 493 Utinae
655 457 692 493 in
740 456 865 495 Museo
903 459 1103 495 Bertacchi-

499 510 581 543 nio⁴
615 509 647 543 8<
678 510 766 555 apud
795 521 959 558 nepotem
988 524 1104 545 meum

341 562 509 603 Ioannem
550 559 770 595 franciscum
815 559 857 595 de
886 561 975 596 Solis
1002 563 1031 604 J.
1056 561 1106 596 U.

343 612 390 645 D.
420 609 644 645 adservantur
670 610 739 645 duo
768 612 918 646 Nummi
946 625 964 646 a
992 615 1106 660 Ragn-

342 660 413 695 sina
446 661 636 708 Republica
665 660 702 695 in
729 661 789 696 ori
813 662 1010 698 Delmatiae
1033 676 1106 709 per-

346 709 429 746 cuffi
447 735 455 748 .
485 724 605 756 parum
634 711 830 746 abfimiles.
862 712 916 747 lbi
946 712 977 748 se
1004 714 1106 748 offert

347 761 480 809 effigies
510 761 676 804 Episcopi
715 762 830 797 San5’ti
863 775 941 797 curn
971 763 1106 813 epigra-

347 812 414 860 phe
443 814 473 847 S.
503 813 708 849 BLASIVS
738 814 949 849 RAGVSH.
978 813 1018 850 In
1056 815 1108 850 al—

347 872 420 897 tera
467 874 563 909 parte
601 864 721 910 imago
769 864 961 900 salvatoris
1003 875 1108 913 caput

347 913 513 961 Episcopi
543 913 578 949 in
607 915 744 962 gremio
771 914 924 950 tenentis
954 929 1032 951 cum
1061 915 1108 951 li-

348 965 432 999 teris
460 964 604 1001 Graecis
631 966 694 1000 IC.
723 966 799 1001 XC.
826 964 893 1000 hoc
920 966 990 1011 est,
1010 967 1108 1012 jesus

348 1014 508 1058 Christus.

467 1118 796 1154 SCLAVONIAE
826 1119 978 1154 REGES
989 1145 997 1153 .

450 1217 598 1253 Eminos
634 1228 815 1267 argenteos
847 1221 1024 1255 Nummos
1052 1218 1108 1254 in-

476 1268 578 1304 fimae
634 1268 766 1305 formae
807 1271 844 1305 in
885 1270 1021 1306 eximio
1050 1270 1108 1305 suo

347 1319 474 1354 Museo
511 1318 669 1353 adservat
706 1322 750 1354 V.
779 1318 877 1354 Clar.
922 1320 1109 1368 Apostolus

349 1371 484 1411 Zenus,
524 1368 614 1404 mihi
652 1368 783 1417 saepius
820 1370 1004 1405 laudatus.
1033 1372 1109 1406 Hos

349 1419 440 1454 mihi
469 1420 632 1468 legendos
661 1419 904 1456 humaniffime
924 1421 1040 1456 dedit.
1069 1421 1109 1456 In

349 1470 466 1518 primo
504 1470 627 1506 vifitur
664 1469 776 1506 Canis
807 1471 1010 1515 venaticus,
1055 1471 1111 1507 seu

349 1521 469 1569 potius
510 1523 666 1569 Vulpesg
705 1521 803 1569 supra
841 1520 879 1557 &
907 1521 998 1558 infra
1025 1521 1110 1558 duae

349 1573 499 1607 Stellae:
541 1571 578 1605 in
617 1571 728 1606 limbo
770 1572 977 1621 epigraphe:
1016 1574 1111 1608 Mo—

350 1647 493 1683 NETA
535 1647 672 1680 REGts
709 1637 746 1696 ,ξῗ
787 1649 1075 1684 scLAvoan
1101 1675 1111 1684 .

348 1720 390 1756 In
419 1720 535 1756 aversa
563 1730 660 1769 parte
688 1720 789 1757 Crux
830 1722 982 1772 duplexg
1027 1723 1111 1759 hinc

350 1772 480 1813 Stella,
508 1771 590 1806 inde
617 1773 745 1820 Lun23
774 1772 892 1808 subtus
919 1774 988 1809 duo
1016 1775 1111 1821 capi-

349 1830 386 1857 ta
423 1831 610 1857 coronata:
655 1822 716 1858 uni
754 1825 795 1858 R.
832 1823 934 1860 alteri
975 1826 1020 1861 L.
1057 1824 1111 1860 su-

348 1871 473 1921 perstat
491 1899 500 1908 .

400 1924 439 1957 In
462 1924 573 1959 altero
595 1925 753 1959 Nummo
771 1923 886 1960 antica
904 1924 996 1961 idem
1014 1925 1110 1971 εξὶγ-

348 1986 416 2022 pon
465 1974 555 2021 gerit
598 1987 676 2009 cum
730 1975 961 2023 Inscriptione
1014 1979 1109 2012 REX

348 2026 664 2060 SCLAVONIE.
708 2024 802 2060 Idem
845 2039 985 2073 quoque
1013 2027 1108 2072 efi‘cy-

348 2087 416 2122 pon
445 2074 482 2109 in
512 2075 662 2122 postica,
690 2074 744 2110 sed
772 2077 880 2111 nullis
908 2076 1023 2111 literis
1050 2077 1109 2112 ad-

347 2124 459 2159 ditis.
496 2127 580 2160 Non
619 2127 711 2161 ultra
751 2125 897 2161 initium
926 2127 1061 2162 Saeculi
1090 2141 1107 2162 a

348 2173 489 2209 Christo
530 2186 614 2212 nato
660 2176 938 2216 Tertiidecimi‚
991 2177 1107 2213 Sclavi

348 2223 425 2260 suos
469 2227 578 2273 Reges
619 2226 772 2262 habuiffe
810 2229 1020 2263 traduntur:
1050 2228 1106 2264 cui

346 2275 509 2317 opinioni
540 2290 607 2312 non
636 2276 740 2312 facile
770 2276 1004 2314 subscribam.
1043 2278 1107 2314 Sed

347 2338 453 2372 quum
483 2340 538 2361 me
567 2327 643 2362 heic
670 2328 774 2363 Libri
798 2327 985 2373 deficiant,
1014 2329 1107 2364 malo

346 2389 418 2411 rem
448 2377 615 2412 inzae'tam
646 2378 726 2413 aliis
763 2378 966 2422 dimittere,
1003 2381 1106 2426 quim

345 2434 476 2462 temere
514 2429 550 2462 in
590 2428 767 2463 historiam
815 2430 903 2464 mihi
947 2430 1106 2478 ignotam

344 2476 508 2518 ingredi.
554 2480 673 2525 ltaque
713 2480 862 2514 aliorum
893 2480 961 2515 erit
989 2480 1105 2527 inqui-

346 2540 441 2567 rere,
484 2541 553 2574 quo
591 2539 770 2575 tempore,
813 2529 940 2565 &sub
980 2531 1107 2576 quibus

348 2578 502 2660 1{legibus
531 2579 686 2627 argentei
714 2579 769 2614 isti
798 2579 949 2616 Nummi
977 2579 1108 2616 fuerint

363 2637 470 2675 1gnat1
488 2654 496 2663 .

1166 249 1419 294 MEDII
1461 251 1651 296 AEV]

1144 311 1175 345 A

1829 268 1914 310 724

1325 363 1386 396 SE
1404 363 1594 398 RVIAE
1649 364 1858 399 REGES.

1319 462 1391 498 Pud
1429 462 1611 499 Comitem
1648 466 1815 508 Joannem
1851 462 1976 511 Bapti-

1321 513 1398 548 stam
1451 514 1729 557 Scalabrinium,
1786 514 1976 561 patricium

1217 563 1481 606 h'lut.nensem,
1518 562 1555 598 ἂ
1586 565 1673 611 apud
1702 564 1879 600 honestum
1909 563 1976 599 Ci-

1218 626 1295 648 vem
1338 616 1506 656 Joannem
1550 611 1805 649 Carnevalium
1854 613 1976 649 vifitur

1219 666 1395 699 Nummus
1434 672 1614 712 argenteus
1651 664 1691 698 ad
1729 663 1876 699 formam
1906 666 1978 699 Ve-

1218 724 1378 749 netorum
1408 714 1528 749 cusus.
1558 714 1611 749 Ibi
1640 714 1757 763 imago
1786 713 1903 749 Sanffli
1924 713 1982 749 vi-

1217 764 1246 799 ri
1277 765 1490 813 porrigentis
1533 766 1705 800 vexillum
1748 765 1859 813 Regi,
1901 777 1983 799 cum

1218 814 1451 863 Inscriptione
1468 818 1670 851 VROSIVS
1690 817 1795 851 REX.
1817 817 1849 850 S.
1874 817 1983 850 STE-

1219 868 1334 901 FAN.
1375 868 1415 901 In
1455 866 1582 914 postica
1625 865 1846 901 Redemtoris
1874 864 1982 901 nostri

1218 916 1352 963 effigies
1370 944 1379 957 ,
1437 916 1585 952 sedentis
1641 917 1738 963 super
1780 915 1978 956 cathedra,

1218 981 1296 1002 curn
1327 967 1443 1002 literis
1471 968 1617 1003 Graecis
1659 969 1718 1002 [C.
1749 969 1823 1002 XC.
1852 979 1977 1013 nempe

1208 1018 1305 1063 Jesus
1331 1018 1492 1060 Christus.
1522 1020 1601 1053 Duo
1629 1027 1744 1053 autem
1768 1016 1886 1053 Urofii
1909 1019 1976 1052 Re-

1218 1081 1275 1115 ges
1303 1068 1442 1103 Serviae
1471 1068 1645 1104 dominati
1674 1068 1776 1116 sunt3
1815 1077 1892 1103 uter
1931 1080 1975 1102 ex

1218 1118 1272 1154 his
1308 1117 1527 1166 designetur,
1564 1118 1737 1154 incertum
1780 1118 1844 1153 est.
1890 1116 1977 1152 Veri

1218 1177 1334 1204 tamen
1363 1168 1510 1204 fimilius
1551 1169 1617 1212 est,
1665 1171 1861 1204 Nummum
1888 1167 1976 1203 refe-

1217 1219 1361 1254 rendum
1397 1219 1461 1254 effe
1490 1219 1530 1254 ad
1570 1219 1707 1259 Urostum
1741 1227 1977 1267 cognomento

1217 1268 1392 1312 Sanflum‚
1421 1271 1529 1317 vulgo
1550 1270 1766 1313 Milminum,
1794 1268 1855 1316 qui
1881 1268 1976 1303 diem

1219 1320 1316 1354 suum
1353 1318 1477 1353 obiisse
1518 1319 1669 1355 traditur
1708 1321 1817 1353 Anno
1844 1318 1976 1354 Christi

1217 1371 1460 1405 MCCCXXI.

1307 1471 1560 1507 TIROLIS
1587 1472 1884 1507 COMITES.

1281 1570 1361 1608 Unt
1402 1571 1492 1607 mihi
1533 1571 1602 1608 duo
1643 1572 1794 1609 Nummi
1821 1571 1978 1621 argentei

1306 1621 1523 1672 confimile53
1554 1637 1649 1671 pares
1676 1623 1782 1659 etiam
1812 1622 1977 1658 Mutinae

1219 1673 1432 1721 possidentur
1469 1674 1512 1709 ab
1554 1673 1678 1709 amicis
1720 1674 1806 1709 viris
1847 1673 1977 1717 Jacobo

1218 1722 1369 1771 Crespio
1396 1723 1601 1764 Sacerdote,
1642 1725 1674 1759 8<
1705 1724 1978 1759 Bartholomaeo

1220 1774 1391 1823 Solian03
1431 1774 1483 1810 uti
1520 1775 1553 1809 8<
1595 1774 1796 1810 Placentiae
1821 1774 1979 1809 adserva-

1221 1834 1277 1860 tur
1304 1824 1427 1861 fimilis
1454 1825 1490 1860 in
1520 1824 1646 1860 Museo
1672 1824 1917 1873 Chiappinio‚
1941 1825 1975 1857 δε

1221 1876 1384 1910 Veneriis
1411 1876 1447 1911 in
1476 1875 1602 1911 Museo
1644 1875 1705 1910 Cl.
1736 1878 1779 1909 V.
1814 1873 1977 1922 Apostoli

1219 1926 1331 1961 Zeni.
1361 1928 1458 1961 Crux
1488 1925 1538 1959 ibi
1568 1937 1680 1960 aream
1723 1934 1895 1971 occupat,
1937 1922 1976 1959 ἅ

1223 1976 1260 2011 in
1289 1976 1402 2011 limbo
1431 1974 1561 2023 legitur
1589 1976 1908 2010 MEINARDVS.
1936 1975 1977 2008 In

1221 2026 1348 2074 postica
1375 2026 1509 2072 Aquila
1539 2024 1604 2060 alis
1633 2025 1808 2072 expansis,
1837 2023 1875 2061 ὅ(
1903 2025 1977 2072 epi-

1220 2076 1368 2124 graphe:
1401 2077 1566 2111 COMES
1593 2077 1793 2111 TIROLI.
1838 2073 1978 2110 Floruit

1220 2127 1412 2162 Meinardus
1438 2126 1522 2169 iste,
1558 2126 1700 2161 alterius
1728 2125 1907 2161 Meinardi
1935 2123 1978 2160 fi-

1219 2177 1313 2221 lius,
1340 2176 1478 2212 Tirolis
1505 2175 1637 2212 Comes
1654 2201 1665 2216 ‚
1692 2176 1891 2212 declinante
1918 2177 1978 2211 Se-

1220 2228 1300 2263 culo
1342 2227 1471 2263 Christi
1515 2227 1665 2262 Decimo
1693 2227 1826 2276 testing
1879 2226 1975 2271 cujus

1219 2276 1294 2313 filia
1341 2277 1541 2313 Elisabeth&
1591 2277 1628 2313 in
1667 2290 1810 2313 uxorem
1854 2275 1976 2319 dueta,

1219 2328 1389 2364 Alberrus
1419 2328 1576 2364 Austriae
1607 2331 1711 2371 Dux,
1751 2327 1860 2375 postea
1887 2328 1976 2361 Cae-

1219 2378 1291 2422 sar,
1328 2379 1368 2414 ad
1408 2379 1602 2415 Tirolenfis
1629 2378 1833 2414 Comitatus
1860 2376 1976 2411 domi-

1218 2429 1397 2464 nationem
1427 2430 1562 2465 aditum
1591 2429 1713 2464 Seculo
1754 2425 1974 2475 subsequenti

1217 2479 1285 2515 suis
1315 2479 1453 2526 posteris
1481 2478 1615 2526 aperuit
1633 2504 1641 2512 .

1268 2530 1440 2564 Secundus
1476 2538 1656 2574 argenteus
1692 2527 1896 2568 deauratus,
1936 2527 1973 2565 in

1217 2579 1340 2615 Museo
1384 2577 1629 2614 Bertacchinio
1671 2578 1891 2621 adsumus,
1933 2581 1973 2616 ad

1826 2642 1923 2664 eum-
