2206 3131
375 244 451 280 ιρι
666 224 1076 284 ANTIQUJT.
1123 222 1363 270 MEDJJ
1413 222 1596 267 ΑΕῑί
1806 238 1892 282 '192

304 294 486 321 currerunt
512 284 635 326 ‹Asim'‚
663 288 762 326 Sues,
790 288 905 330 Gaui,
934 285 1073 334 aliaque

303 336 477 382 ejusmodi
516 336 726 372 animalium
764 339 910 374 nomina
937 338 973 372 in
1001 350 1073 372 rem

304 386 471 423 bellicam
494 388 683 423 translata.
709 389 819 423 Plutei
837 401 978 437 quoque
999 387 1072 424 fue-

303 447 387 474 runt
425 441 594 473 Vinearum
640 438 695 474 seu
733 440 880 474 Gratiam
919 439 1072 488 species,

304 487 365 524 sub
394 490 521 536 quibus
546 487 640 524 ‘teE'ti
678 489 813 526 milites
852 491 894 525 ad
931 490 1072 525 moenia

305 540 445 575 hostilia
487 539 771 577 deducebantur.
815 542 946 576 Turres
989 544 1071 576 vero

306 590 568 626 fabricabantur
588 604 605 626 e
632 591 732 641 ligno
761 592 926 639 (castella
954 592 1072 640 appel—

307 643 480 690 labant),
509 655 596 690 quae
623 644 710 678 rotis
740 642 922 690 suppositis
951 643 1072 677 admo-

307 694 480 728 vebantur
516 693 558 728 ad
595 693 735 730 moenia
773 694 939 732 hostilia,
984 693 1071 742 post—

306 757 413 792 quam
446 743 551 780 foffae
578 754 745 792 aequatae
774 754 893 780 erant.
931 745 1071 790 Quibus

307 794 496 831 insidentes
531 797 657 832 armati
695 809 774 832 curn
813 795 950 831 obseffis
988 808 1072 831 con-

305 844 500 895 fligebant,
527 847 561 881 &
589 846 627 883 in
656 860 794 883 murum
824 848 955 886 etiam,
984 860 1072 894 quo—

305 897 375 932 ties
403 897 561 937 licebat,
589 898 735 934 demisso
764 907 871 945 ponte
899 897 1072 946 irrumpe—

307 947 415 983 bant.
453 947 649 983 Missilibus
678 957 853 996 praeterea
881 947 1007 996 ignitis
1036 949 1073 983 in

308 998 403 1034 teE’ca
431 998 614 1045 ejaculatis
652 998 815 1034 incendia
842 998 971 1035 inferre
998 1012 1074 1034 mos

308 1048 401 1084 fuit:
432 1049 524 1097 quod
553 1049 754 1098 praesertim
785 1064 804 1085 a
831 1050 974 1085 Graecis
1003 1052 1076 1085 Ita-

309 1099 339 1136 li
367 1099 545 1135 didicere.
583 1103 723 1136 Horum
764 1100 905 1137 felicior
932 1100 1075 1136 esseest&

310 1150 349 1187 in
392 1163 497 1186 naves
524 1150 712 1188 adversas:
757 1152 950 1198 Graccusque
990 1152 1078 1198 ignis

311 1201 522 1251 percelebris
560 1202 628 1247 est,
666 1215 770 1250 quem
809 1215 851 1238 ne
888 1201 960 1250 ipsa
997 1202 1077 1249 qui-

312 1253 391 1288 dem
431 1266 519 1301 aqua
556 1263 695 1301 poterat
730 1254 961 1302 extinguere.
997 1255 1078 1288 Me-

310 1312 447 1338 morata
499 1317 640 1350 quoque
686 1303 804 1339 videas
852 1305 894 1338 ab
941 1306 1077 1339 Ottone

311 1355 463 1389 Morena
512 1354 611 1400 supra
657 1354 800 1389 laudato
845 1367 922 1402 pag.
969 1365 1076 1399 1045.

312 1404 425 1440 Tomi
455 1407 517 1439 VI.
556 1406 634 1440 Rer.
673 1404 828 1440 Italicar.
865 1408 1077 1451 Manganos‚

310 1456 550 1502 Preteriasque‚
590 1455 636 1493 ἄν
673 1456 881 1499 Scrimalias,
913 1456 969 1500 seu
997 1457 1077 1490 Ma-

312 1507 443 1545 chinus,
472 1517 630 1552 ceteraque
655 1506 844 1550 defensionis
871 1509 1000 1540 Cremae
1027 1506 1077 1540 in-

305 1557 503 1599 strumenta.
533 1559 689 1592 Fuerunt
715 1557 903 1590 scrimaliae
934 1556 1048 1591 Plutei
1068 1583 1077 1600 ,

311 1607 370 1642 seu
400 1605 535 1654 aliquid
566 1606 677 1642 fimile
697 1619 715 1641 e
735 1606 857 1654 ligno,
887 1605 986 1655 super
1009 1609 1075 1642 Ur—

314 1658 412 1692 bium
441 1656 479 1693 &
508 1655 741 1693 Castellorum
771 1657 911 1693 moenia
949 1657 1076 1705 positi,

315 1708 376 1743 sub
405 1709 531 1756 quibus
560 1707 771 1756 praesidiarii
801 1709 935 1744 milites
963 1709 1075 1743 laten-

313 1769 366 1794 tes
405 1760 578 1794 cavebant
614 1759 675 1794 fibi
714 1772 731 1793 a
769 1758 933 1807 sagittis,
973 1759 1075 1799 telis,

313 1809 462 1858 aliisque
491 1809 636 1845 hostium
667 1808 882 1854 miffilibus,
919 1809 957 1846 ἃ
994 1810 1076 1845 inde

310 1874 373 1908 per
414 1860 604 1895 fenestellas
642 1862 674 1895 &
714 1860 904 1896 cataraflas
946 1861 1076 1908 lapidi-

311 1911 375 1946 bus
392 1938 402 1954 ,
440 1911 588 1959 jaculis,
630 1912 743 1946 Pilotis
772 1911 885 1958 (idest
912 1912 1076 1956 Baltotte,

312 1961 498 2010 glandibus
529 1962 702 2010 plumbeis
731 1975 881 2010 nempe,
910 1962 967 1997 seu
998 1963 1075 2009 glo—

310 2013 404 2048 bulis
434 2013 606 2059 lapideis)
635 2012 781 2060 aliisque
810 2011 914 2047 armis
944 2025 1074 2060 pugna-

313 2063 396 2098 bant
425 2064 460 2099 in
493 2062 619 2098 hostes.
647 2064 832 2098 scrimatiae
859 2064 1074 2112 appellatae,

312 2113 378 2148 hoc
408 2114 477 2153 est,
508 2114 637 2158 Drj'eseu
666 2128 684 2149 a
712 2116 925 2149 Germanico
952 2115 1073 2148 schirm

313 2162 351 2198 ἃ
381 2166 559 2203 Schirmcn,
597 2165 687 2200 unde
723 2165 874 2200 nostrum
903 2168 1073 2203 Scbfirma,

313 2215 514 2254 Schermr'rsi,
542 2216 719 2251 &hermam
746 2215 817 2254 &a
847 2219 952 2263 Supra
980 2216 1073 2251 idem

315 2263 454 2300 Aufflor
483 2264 686 2311 scripserat:
718 2269 796 2301 Fere
823 2268 929 2301 nullus
957 2281 972 2300 e
999 2270 1073 2301 Cre-

314 2315 467 2353 menfibus
504 2316 549 2349 ihi
585 2318 629 2350 ad
663 2317 870 2357 s.·rimalias,
901 2319 957 2363 Jeu
995 2320 1074 2351 Ma-

314 2367 422 2401 chinas
460 2366 555 2412 ipsius
597 2367 701 2407 castri
741 2381 888 2415 apparere
926 2379 1074 2415 poterat,

311 2420 393 2464 quod
413 2417 603 2460 balsslrerii,
631 2418 687 2464 qui
708 2417 791 2461 infra
812 2420 910 2463 ipsum
932 2422 1075 2461 Castrum

306 2468 464 2512 fuerant,
494 2469 607 2510 statim
645 2482 705 2502 non
743 2470 949 2513 interficerent
977 2472 1072 2507 illos.

314 2520 418 2553 Nunc
448 2518 484 2553 in
513 2518 752 2555 obsidionibus
791 2521 940 2558 dicimus
968 2523 1076 2556 levare

310 2569 342 2603 h
366 2569 491 2615 affese,
522 2583 632 2619 quum
660 2569 852 2619 obsidentes
880 2573 1016 2622 impetu
1043 2572 1075 2609 i·

1117 289 1150 323 A
1189 284 1352 333 gnivomi
1402 283 1612 328 tormenti,
1656 288 1955 334 propugnacula;

1190 335 1327 372 scilicet
1355 337 1487 371 vallum
1507 364 1516 380 ,
1554 335 1709 380 loricas,
1749 337 1864 372 saccos
1900 338 1952 373 la—

1188 399 1278 427 nae,
1306 388 1339 422 &
1369 386 1542 435 quidquid
1572 386 1669 436 supra
1699 388 1838 424 moenia
1866 387 1951 423 stru·-

1188 436 1282 473 &um
1326 438 1397 481 est,
1440 437 1499 473 sub
1540 451 1611 485 quo
1652 438 1773 474 obseffi
1815 439 1951 475 milites

1189 501 1340 537 pugnare
1365 489 1498 528 solent,
1525 489 1717 538 dejiciunt.
1746 491 1874 526 Eadem
1897 504 1951 526 ra-

1188 539 1287 574 tione
1315 539 1360 575 ufi
1391 539 1468 574 sunt
1497 549 1628 575 veteres
1653 554 1738 576 voce
1759 542 1950 578 scrimalia.

1191 592 1294 625 Nunc
1311 589 1531 624 Mutinenses
1545 593 1756 638 Schermaglio
1772 594 1952 641 appellant

1188 641 1341 688 ligneam
1385 650 1444 675 aut
1489 640 1705 676 chartaceam
1749 644 1915 678 tabellam
1940 668 1951 683 ,

1187 703 1290 738 quam
1333 691 1374 726 ad
1416 691 1535 739 ignem
1579 691 1732 727 sedentes
1772 694 1951 742 objiciunt

1187 741 1319 785 calori,
1349 755 1392 776 ne
1420 750 1524 789 caput
1552 741 1690 778 laedat.
1729 745 1830 789 Quae
1858 757 1952 780 nunc

1188 792 1295 828 etiam
1338 792 1565 828 instrumenta
1601 794 1736 829 Cavalli
1771 795 1808 830 di
1845 795 1954 836 Prilia

1189 843 1225 879 in
1255 842 1388 879 militia
1418 854 1691 891 nuncupantur,
1727 859 1797 881 non
1827 845 1951 894 ignota

1189 894 1345 943 antiquis
1374 894 1472 931 fuiffe
1501 894 1590 930 mihi
1621 895 1808 932 videntur.
1837 896 1952 932 Nico-

1188 946 1262 981 laus
1303 946 1345 981 de
1385 945 1564 989 Jamsilla,
1607 947 1704 994 cujus
1741 946 1957 989 Chronicon

1189 996 1283 1032 edidi
1312 998 1431 1032 Tomo
1454 998 1553 1032 VIII.
1585 999 1661 1033 Rer.
1695 998 1845 1033 italicar.
1875 1010 1953 1046 pag.

1192 1050 1274 1093 565.
1315 1047 1396 1083 dum
1440 1047 1618 1083 Manfredi
1661 1048 1771 1096 postea
1810 1048 1956 1084 Siciliae

1192 1098 1296 1146 Regis
1340 1098 1466 1134 bellica
1507 1097 1594 1147 gesta
1637 1099 1826 1141 describit.
1869 1098 1952 1134 haec

1190 1148 1314 1184 habet:
1346 1150 1450 1184 Fabia
1472 1150 1550 1194 sunt
1573 1151 1611 1183 de
1639 1151 1764 1197 ingenio
1792 1150 1955 1185 Marchio-

1189 1200 1240 1234 nis
1261 1201 1429 1234 Bertholdi
1455 1202 1608 1247 quaedam
1635 1202 1743 1247 lignea
1765 1201 1951 1243 instrumen-

1189 1261 1224 1285 ta
1251 1251 1472 1297 triangulata,
1497 1252 1542 1292 fic
1568 1251 1737 1296 artificiose
1763 1251 1955 1299 composita,

1189 1303 1271 1348 quod
1296 1305 1335 1336 de
1364 1307 1425 1335 loco
1451 1303 1495 1336 ad
1531 1303 1628 1336 locum
1656 1302 1772 1337 leviter
1798 1305 1956 1337 duceban-

1190 1362 1262 1390 tur,
1290 1351 1336 1389 (γ’
1364 1365 1549 1398 quocumque
1575 1360 1662 1385 modo
1689 1357 1954 1398 revolverentur,

1185 1402 1304 1447 semper
1330 1414 1366 1434 ex
1402 1415 1462 1435 uno
1498 1402 1598 1445 capite
1625 1403 1727 1436 ere-{la
1754 1405 1959 1445 constabant.

1191 1451 1253 1485 His
1294 1465 1364 1498 ergo
1405 1453 1522 1498 ligneis
1565 1451 1776 1494 instrumentis
1820 1454 1958 1498 Papalis

1190 1502 1340 1536 exercitus
1366 1516 1403 1536 ex
1430 1503 1490 1537 illa
1514 1514 1626 1549 parte,
1658 1517 1720 1550 qua
1746 1514 1815 1539 erat
1841 1504 1957 1539 exerci-

1189 1563 1240 1586 tus
1267 1553 1462 1598 Principalis
1500 1552 1669 1599 aspec‘i'us,
1704 1554 1736 1596 se
1774 1555 1956 1590 circumcin-

1189 1603 1258 1644 xit,
1286 1603 1329 1636 (9‘
1348 1602 1395 1644 stc
1416 1603 1450 1647 se
1478 1603 1612 1651 ipsorum
1639 1604 1853 1651 compositione
1878 1606 1956 1639 val·

1124 1649 1156 1682 D
1187 1653 1300 1698 lavit,
1328 1664 1364 1687 ut
1416 1667 1475 1688 non
1503 1656 1541 1688 de
1563 1655 1660 1698 fircili
1695 1669 1732 1689 ex
1768 1656 1828 1689 illa
1861 1667 1954 1703 parte

1187 1702 1281 1752 poffet
1308 1704 1458 1752 irrumpi.
1486 1705 1657 1740 Tribulos
1686 1706 1793 1741 etiarn
1824 1706 1952 1743 ferreos

1190 1755 1406 1801 temporibus
1435 1755 1623 1791 barbaricis
1653 1757 1830 1792 interdum
1853 1757 1953 1794 adhi-

1189 1804 1282 1841 bitos
1310 1806 1467 1854 reperio,
1494 1808 1526 1841 ἃ
1558 1820 1616 1848 per
1644 1821 1763 1856 agrum
1795 1808 1948 1856 sparsos,

1190 1865 1229 1892 ut
1256 1857 1430 1904 equitatui
1460 1858 1606 1893 accessus
1635 1859 1666 1893 8<
1695 1859 1809 1894 cursus
1839 1862 1952 1902 impe-

1190 1906 1347 1942 diretur.
1384 1910 1490 1956 Supra
1528 1910 1683 1945 occurrit
1721 1911 1821 1945 nobis
1859 1910 1952 1946 Ghi-

1190 1958 1383 1993 rardaccius
1425 1959 1462 1994 in
1506 1960 1661 1995 l-Lstoria
1710 1960 1918 1996 Bononiensi
1943 1988 1952 1998 .

1191 2008 1382 2044 Dimittere
1411 2023 1488 2045 eum
1516 2012 1621 2046 nolo.
1651 2011 1789 2047 Aufflor
1816 2012 1878 2046 ille
1907 2011 1953 2048 est

1189 2059 1272 2095 Lib.
1304 2071 1360 2106 17.
1391 2073 1465 2108 pag.
1496 2073 1580 2107 575.
1624 2064 1795 2108 Populum
1839 2064 1956 2097 Bono-

1191 2108 1344 2144 niensem
1386 2113 1495 2146 Anno
1535 2111 1665 2147 Christi
1707 2115 1955 2149 Mt‘CCxlv.

1191 2159 1313 2195 misisse
1341 2173 1498 2207 quaranta
1525 2162 1646 2207 Graffii
1681 2162 1739 2199 all'
1756 2165 1876 2205 elercito
1902 2164 1955 2198 del

1191 2211 1380 2257 Frignano.
1423 2213 1520 2247 Haec
1561 2214 1650 2260 legit
1696 2215 1953 2262 Du·Cangius,

1191 2270 1295 2308 atque
1320 2274 1338 2296 e
1363 2260 1508 2310 vestigio
1533 2262 1569 2297 in
1597 2264 1861 2300 lquloffario
1883 2267 1954 2300 La-

1192 2312 1269 2347 tino
1306 2311 1512 2347 adnotavit:
1554 2315 1752 2359 Grapbium,
1784 2318 1840 2359 seu
1867 2319 1952 2350 Ga-

1185 2362 1288 2408 fium,
1320 2364 1451 2408 speciem
1484 2364 1644 2398 macbfnae
1680 2365 1807 2399 bellicae
1842 2365 1953 2409 fuiffe,

1192 2415 1319 2449 videtur
1361 2414 1487 2449 innuere
1526 2414 1721 2449 canabinas
1761 2416 1955 2452 Ghirardac-

1193 2466 1277 2500 cius.
1305 2464 1448 2500 Scilicet
1477 2479 1547 2500 rem
1578 2466 1717 2501 dubiam
1748 2465 1783 2501 ὅ(
1816 2468 1887 2502 inc(
1900 2481 1954 2503 m-

1195 2525 1325 2564 pettam
1358 2515 1421 2551 ille
1451 2516 1614 2564 reliquit*
1661 2530 1725 2564 <go
1762 2531 1879 2552 eorum
1915 2531 1956 2554 u-

1194 2568 1269 2603 lum
1304 2567 1517 2616 explicabo.
1553 2565 1709 2613 Graffium
1745 2569 1847 2605 nobis
1884 2569 1955 2615 est„

1860 2628 1899 2654 ut
