2206 3131
238 217 324 266 '137

557 207 926 250 DISSERTATIO
966 208 1007 248 V
1008 207 1124 249 JGES
1130 208 1304 250 IMASE
1308 213 1348 251 X
1352 213 1424 252 ΓΑ
1436 224 1447 254 .·

1683 219 1766 271 138

181 268 398 307 temooribus
418 267 545 304 eisdem
570 267 748 303 Civitates
770 267 845 303 suas
868 281 945 303 mu-
988 269 1021 301 A
1064 265 1202 302 viffima
1239 268 1350 303 rabies
1388 282 1406 304 e
1443 271 1623 309 Pannonia
1660 272 1698 310 in
1730 275 1827 310 Lan·

179 321 323 357 niendas
366 318 598 366 susceperint,
645 331 859 366 quamquam
900 319 945 353 iis

178 372 327 408 minime
348 368 634 408 dominarentur,
656 378 694 404 ut
719 371 851 404 Romae
874 372 943 405 Ro-

177 421 273 459 mani
305 419 520 456 Pontifices.
563 423 756 468 Anlpertus
799 419 944 455 Medio-

177 471 323 509 lanensis
363 470 537 510 Anristes,
575 473 634 518 qui
676 473 784 506 Anno
813 471 942 507 Christi

177 523 502 559 DCCCLxxxH.
544 522 655 557 vitam
699 536 778 557 cum
831 533 944 558 morte

177 576 360 617 mutavit,
408 583 446 609 ut
487 572 532 608 est
575 573 610 609 in
649 574 722 620 ejus
751 573 944 622 Epitaphio

179 625 268 671 apud
301 624 527 659 Puricellium
559 625 594 659 in
626 624 851 660 Monument.
877 626 944 661 Ba-

178 674 264 712 filie.
289 675 558 716 Ambroiianae,
587 689 683 712 num.
709 688 790 723 134.

229 778 366 814 Moenia
395 778 552 822 sollicitus
589 777 760 824 'commiffae
805 777 947 813 reddidit

337 828 417 864 Urbi

230 880 373 917 Diruta.
400 899 804 908 ----------

179 977 234 1019 Ita
264 982 467 1018 Leodoinus
495 981 707 1018 Mutinenfis
728 981 942 1030 Episcopus,

179 1043 219 1068 ut
248 1033 285 1068 in
317 1034 536 1069 Differrat.1.
564 1036 601 1067 de
630 1036 739 1067 Exter.
756 1045 845 1080 gent.
865 1047 941 1081 pro-

178 1081 277 1123 didi,
315 1085 445 1119 Urbem
489 1084 576 1119 hanc
618 1083 764 1119 nostram
801 1084 943 1119 circiter

175 1135 324 1170 Annum
387 1135 658 1171 DCCCxCIII.
716 1138 941 1176 reon-antibus

176 1185 342 1221 Gnidone
370 1187 399 1220 ὃ(
434 1187 624 1222 Lamberto
663 1185 826 1234 Augustis
865 1199 940 1221 rnu—

175 1236 296 1276 nivit‚
324 1251 382 1270 non
412 1250 516 1272 contra
540 1238 709 1281 Dominus,
740 1236 792 1271 sed
817 1249 853 1271 ut
875 1236 941 1273 Ci-

177 1298 237 1323 ves
265 1287 492 1323 diffiillimis
535 1288 579 1323 iis
619 1290 836 1336 temporibus
866 1297 939 1323 tue-

175 1350 299 1374 retur.
345 1339 386 1374 In
431 1339 696 1380 Diplomatibus
739 1340 939 1373 eorumdem

176 1389 415 1436 Augustorum
471 1389 559 1433 apud
602 1388 853 1436 Sill3ngardum
903 1387 940 1423 ἃ.

175 1437 389 1483 Ughelliurn
421 1438 607 1473 Leodoino
637 1437 684 1473 fas
724 1437 790 1480 est,
829 1437 941 1483 soffata

175 1502 316 1528 cavare,
344 1492 455 1523 Portas
483 1490 618 1535 erigere,
657 1489 697 1526 Θ
726 1489 819 1535 super
846 1502 941 1522 unum

174 1540 365 1574 milliarium
394 1539 426 1572 1'n
454 1539 582 1572 circuitu
618 1538 772 1578 Ecclesiae
808 1539 939 1573 Civita-

173 1590 218 1626 tis
254 1590 486 1636 circumquaque
518 1587 672 1633 firmare,
724 1589 768 1623 ad
804 1589 940 1632 salvam·

171 1642 246 1676 dam
275 1641 316 1674 Θ
345 1641 545 1674 muniendam
572 1639 671 1683 ipsam
705 1639 849 1683 sanflam
877 1643 938 1675 Ec—

171 1691 318 1733 clesiam.
361 1693 408 1726 Et
450 1690 728 1738 profegtobella
757 1693 938 1726 teterrima

171 1741 267 1779 inter
312 1742 536 1781 Guidonem,
589 1741 676 1786 five*
702 1741 775 1788 ejus
823 1741 936 1777 filium

171 1795 405 1830 Lambertum
451 1793 647 1842 Augustos,
688 1794 721 1827 8<
767 1794 934 1842 Berenga-

171 1844 263 1880 rium
296 1844 321 1880 I.
355 1847 504 1894 Regem,
537 1844 644 1890 postea
670 1845 702 1879 8<
727 1843 837 1890 ipsum
866 1847 935 1879 Au-

172 1895 304 1944 gustum
327 1896 450 1931 oborta
477 1899 580 1931 Anno
601 1897 936 1932 DCCCLxxxlx.

171 1946 387 1982 occasionem
427 1946 549 1982 dedere
596 1946 792 1982 excitandis
838 1947 939 1981 novis

170 2007 231 2032 aut
280 1998 478 2033 muniendis
536 1998 692 2045 antiquis
748 1996 937 2033 Castellis.

170 2049 400 2084 Praecesserat
428 2049 534 2084 etiam
565 2048 758 2083 saevissima
787 2048 938 2095 irruptio

171 2110 282 2143 nuper
328 2109 520 2133 memorata
563 2100 785 2132 saracenicae
823 2101 937 2146 gentis

168 2146 207 2185 in
238 2149 407 2196 Apuliam
440 2150 564 2184 Seculo
592 2150 712 2183 eodem
744 2149 805 2183 IX.
841 2163 936 2197 pera-

168 2199 248 2239 sta,
278 2200 338 2246 qui
370 2210 445 2234 tum
476 2200 550 2234 illis
589 2199 816 2246 regionibus,
861 2210 933 2235 tum

167 2249 356 2291 finitimis,
409 2263 447 2285 ac
494 2249 554 2293 ipfi
604 2251 754 2285 Urbium
799 2251 937 2300 reginae

167 2302 324 2344 Romae,
343 2301 568 2336 incredibiles
592 2301 858 2344 innumerasque
881 2305 935 2338 in—

167 2354 280 2390 tulere
309 2353 528 2389 calamitates
559 2366 617 2400 per
645 2367 752 2388 annos
783 2355 935 2398 multos,

167 2404 299 2451 quique
337 2404 430 2439 inter
474 2404 697 2440 Provinciam
729 2406 758 2439 8<
793 2405 932 2440 [aliam

170 2453 213 2488 ad
241 2457 469 2491 Fraxineturn
500 2456 666 2490 collocati
686 2485 693 2495 ,
725 2456 933 2491 infcstaffimi
962 2451 966 2495 l

167 2502 265 2539 fuere
292 2505 620 2553 circumjacentibus
650 2507 756 2541 locis.
788 2506 893 2541 lneun
915 2521 933 2543 e

166 2567 308 2605 quoque
345 2559 467 2594 Seculo
510 2560 553 2595 X.
593 2561 824 2608 Hungrorurn
862 2557 932 2595 sae-

1062 318 1267 366 gobardiam
1305 331 1376 353 non
1405 318 1509 355 semel
1551 322 1701 370 illapsa,
1742 326 1830 360 Pro-

1064 368 1219 403 vinciam
1242 368 1331 404 hanc
1353 369 1549 413 incendiis,
1579 375 1761 414 caedibus,
1788 387 1830 411 ac

1063 419 1196 467 rapinis
1216 420 1387 467 implevit
1406 431 1511 468 atque
1534 423 1705 459 vastavit.
1732 427 1829 461 Haec

1063 470 1184 506 omnia
1228 470 1375 506 caussam
1414 471 1557 512 dedere,
1600 483 1639 510 ut
1667 474 1829 511 universa

1064 522 1169 558 ltalia
1198 520 1323 557 faciem
1353 521 1497 559 subinde
1525 525 1631 560 aliam
1659 524 1829 561 sumeret.

1065 574 1197 608 Paucae
1238 582 1319 608 ante
1362 573 1425 609 illa
1467 584 1625 621 tempora
1667 590 1830 613 numera—

1064 624 1190 659 bantur
1218 623 1336 660 Urbes
1364 625 1396 659 &
1421 623 1593 667 Caistena,
1622 628 1747 675 quibus
1770 627 1831 663 fir-

1063 674 1213 710 miffima
1243 674 1359 711 forent
1387 677 1525 713 moenia
1563 691 1602 713 ac
1632 681 1846 728 propugna?

990 727 1017 761 B
1062 726 1139 761 cula
1158 753 1167 762 .
1199 725 1374 762 Diuturna
1404 741 1468 776 pax
1497 728 1586 774 apud
1616 742 1678 765 nos
1707 743 1829 778 regna·

1061 785 1133 812 rat.
1173 778 1320 813 Nullam
1359 781 1495 815 externi
1526 779 1629 815 hostis
1658 780 1829 816 incurfio-

1060 841 1138 863 nem
1179 828 1326 864 senserat
1364 829 1447 865 haec
1494 830 1620 867 Italiae
1663 831 1781 876 portio
1809 844 1830 868 a

1060 880 1300 926 compluribus
1338 881 1458 917 annis.
1513 883 1631 927 Quare
1663 883 1829 930 patebant

1058 931 1201 970 omnia,
1247 931 1278 965 8<
1329 931 1477 967 Castella
1526 932 1744 980 potiffimum
1787 946 1828 970 ae

1062 982 1143 1017 Vici
1181 981 1345 1017 latiffime
1383 981 1531 1029 expositi
1571 994 1670 1019 erant
1706 986 1828 1020 barba-

1059 1045 1175 1067 rorum
1205 1033 1506 1080 impressionibus.
1538 1036 1630 1069 Nam
1654 1038 1715 1082 qui
1739 1038 1828 1069 Bur-

1054 1083 1406 1131 gizappellabantun
1453 1084 1583 1120 Isidoro
1612 1085 1714 1128 teste,
1754 1083 1829 1120 fue-

1058 1143 1140 1169 runt
1167 1139 1323 1168 domorum
1351 1138 1626 1182 congregationes,
1654 1150 1732 1182 quae
1757 1150 1828 1170 mu-

985 1180 1018 1218 C
1059 1198 1091 1218 ro
1118 1198 1178 1219 non
1205 1186 1451 1222 claudebantur.
1484 1189 1722 1222 Romanorum
1746 1187 1828 1235 qui·

1058 1236 1134 1271 dem
1174 1237 1203 1270 8<
1246 1236 1445 1272 Gothorum
1491 1237 1550 1274 sub
1581 1239 1660 1274 dom
1683 1239 1830 1275 natione

1060 1287 1302 1323 munitissimis
1340 1285 1503 1323 Casiellis
1536 1289 1640 1324 Italia
1671 1290 1827 1325 abunda-

1059 1337 1132 1372 vit.
1176 1339 1273 1372 Bella
1302 1338 1448 1380 deinde,
1487 1338 1628 1386 ipsaiue
1661 1353 1751 1387 pax.
1783 1338 1823 1376 δὲ

1058 1390 1228 1434 temporis
1256 1388 1471 1424 diuturnitas
1510 1391 1675 1437 pleraque
1706 1391 1827 1426 muni-

1059 1448 1175 1473 menta
1204 1438 1433 1486 disjecerant.
1464 1439 1587 1487 Itaque
1614 1454 1656 1475 ex
1678 1454 1749 1488 quo
1770 1441 1828 1477 di-

1058 1488 1203 1535 sceptari
1233 1500 1395 1535 coeptum
1426 1490 1470 1525 est
1500 1492 1540 1526 de
1571 1494 1691 1540 Regno
1730 1494 1826 1528 inter

1057 1540 1255 1573 Guidonem
1295 1540 1327 1572 δ(
1378 1541 1648 1587 Berengarium‚
1701 1540 1737 1576 &
1781 1543 1827 1578 ab

1057 1603 1127 1624 uno
1155 1591 1263 1624 latere
1292 1589 1477 1633 Saraceni,
1508 1592 1550 1625 ab
1580 1592 1691 1627 altero
1720 1595 1826 1628 Hun-

987 1638 1017 1670 D
1056 1640 1131 1688 gri,
1162 1639 1215 1675 seu
1248 1641 1436 1689 Hungari‚
1476 1641 1636 1677 miseram
1675 1654 1826 1679 atterere

1058 1692 1197 1727 Italiam
1223 1702 1433 1734 coeperunt:
1458 1702 1541 1727 tunc
1563 1707 1581 1728 a
1609 1703 1664 1729 tot
1688 1707 1826 1730 aerum·

1059 1742 1111 1777 nis
1142 1742 1255 1777 edoffi
1292 1743 1417 1789 Populi
1449 1743 1678 1784 intellexere,
1714 1758 1827 1792 quan-

1058 1803 1112 1828 tae
1142 1792 1352 1828 neceffi-aris
1382 1792 1469 1829 foret
1514 1797 1731 1832 munitiones
1761 1809 1824 1832 an·-

1058 1845 1174 1891 tiquas
1202 1843 1410 1883 restaurare,
1445 1845 1623 1892 novasque
1651 1848 1824 1882 construe·

1058 1908 1112 1936 re,
1151 1908 1236 1941 quae
1275 1893 1426 1930 hostibus
1473 1895 1702 1940 obsisterent,
1745 1897 1825 1934 ani-

1058 1944 1197 1992 masque
1228 1944 1266 1982 &
1302 1944 1457 1981 fortunas
1486 1947 1618 1982 civium
1659 1947 1694 1983 in
1726 1961 1824 1996 prae·

1058 1996 1144 2031 senti
1174 2010 1212 2032 ac
1243 1996 1361 2032 futuro
1390 1996 1593 2034 discrimine
1619 2000 1825 2046 exciperent

1058 2061 1095 2083 ac
1125 2058 1343 2084 tutarentur.
1383 2050 1463 2084 Hoc
1491 2049 1583 2084 idem
1613 2051 1711 2086 Galli
1742 2052 1824 2086 Sae—

965 2095 1023 2146 ⁵EA
1057 2100 1137 2134 culo
1168 2099 1227 2134 ix.
1267 2100 1312 2134 ob
1353 2102 1655 2136 Nortmannorum
1694 2101 1824 2138 imma—

1056 2163 1115 2185 nes
1144 2149 1353 2186 incursiones
1378 2150 1550 2187 didicere.
1579 2153 1823 2197 Quamobrem

1057 2211 1095 2236 ut
1124 2201 1270 2249 quisque
1299 2212 1380 2236 tunc
1410 2203 1548 2248 potuit,
1597 2202 1764 2239 facultate
1804 2217 1824 2240 a

1059 2253 1210 2296 Regibus
1239 2263 1299 2288 aut
1328 2251 1518 2299 Augustis,
1547 2263 1608 2289 aut
1635 2267 1652 2289 a
1684 2255 1823 2290 Princi-

1057 2304 1157 2352 pibus
1187 2303 1426 2350 Langobardis
1469 2303 1505 2338 in
1541 2306 1680 2341 Ducatu
1711 2307 1824 2341 Bene-

1057 2365 1208 2389 ventano
1259 2358 1292 2388 ὃ(
1340 2353 1562 2391 Salernitano
1608 2357 1823 2400 impetrata,

1054 2405 1236 2441 aedificare
1265 2404 1382 2452 coepit
1412 2407 1541 2445 Arces,
1594 2406 1713 2442 Castra
1732 2437 1739 2445 .
1787 2409 1822 2442 δε

1054 2458 1205 2497 Turres,
1235 2454 1271 2492 ὃ(
1302 2456 1409 2492 muris
1437 2458 1570 2492 ambire
1598 2456 1747 2492 Ceste-lla
1778 2456 1818 2494 δε

1054 2507 1192 2550 Urbes,
1229 2507 1262 2542 ἃ
1306 2508 1565 2556 propugnacula
1595 2507 1821 2551 multiplica-

1050 2571 1113 2604 re,
1140 2558 1343 2609 praesertim
1371 2557 1410 2596 in
1437 2557 1506 2596 suis
1532 2558 1722 2596 Beneficiis
1750 2558 1817 2596 five

1676 2611 1766 2645 Feu-
