2206 3131
390 222 472 273 267
673 214 1087 273 ANTIQUIT.
1132 216 1369 260 MEDII
1407 219 1584 262 AEVI
1820 219 1904 262 268

328 276 485 324 probitas
513 273 643 312 militis
659 301 667 310 .

329 333 435 372 atque
463 326 547 362 Itali
573 339 617 361 ex
644 325 792 361 Oriente
822 324 934 361 secum
971 338 1088 374 repor-

328 375 454 412 tassent
481 375 670 425 sagittandi
696 385 806 412 artem
836 375 1089 425 perniciosam,

326 427 363 463 8(
391 426 479 463 hanc
510 427 775 463 abominatione
802 427 945 475 dignam
975 426 1089 463 cense-

275 520 277 522 ,
328 487 407 514 rent
452 476 691 514 Lateranensis
739 478 900 513 Concilii
946 479 1061 512 Patres
1080 503 1090 520 ,

329 528 425 576 quod
453 527 589 563 eminus
617 528 654 563 ea
684 528 819 563 ratione
853 526 1091 563 interficeren-

330 588 390 614 tur
416 578 599 620 homines‚
635 579 864 626 caderentque
892 577 998 613 etiam
1037 577 1091 612 in-

329 629 469 665 terdum
499 629 663 664 meliores
691 629 845 665 nondum
876 637 1091 676 pugnantes,

331 689 516 729 propterea
537 679 611 716 veri
632 679 771 716 videtur
791 678 924 721 simile,
945 678 1093 713 interdi-

329 730 426 766 &am
453 729 551 766 fuisse
573 729 781 766 Christianis
806 730 967 765 adversus
987 728 1093 765 Chri-

329 780 458 817 stianos
486 782 578 816 bella
614 781 813 829 gerentibus
841 784 958 816 Artem
985 779 1093 815 Balli-

325 831 496 876 flariorum
522 831 569 870 όν
594 832 860 879 Sagittariorum.
880 833 926 866 Et
951 830 1028 866 sane
1053 831 1094 865 ab

330 896 373 920 ea
410 883 600 919 abstinuere
637 883 697 918 diu
736 882 805 930 post
847 882 1002 922 Franci,
1041 880 1094 916 uti

331 946 398 969 nos
435 934 538 969 docet
564 934 768 968 VVillelmus
804 934 904 967 Brito
933 933 1032 968 Libr.
1063 944 1095 967 2.

335 983 533 1032 Philippid.
571 983 660 1031 apud
699 982 993 1018 Du—Chesniurn:
1034 982 1095 1029 qui

333 1035 466 1071 bellum
505 1048 644 1070 narrans
682 1047 699 1069 a
740 1034 904 1080 Philippo
940 1032 1096 1081 Augusto

332 1086 520 1121 Gallorum
551 1087 642 1133 Rege
668 1095 788 1120 contra
815 1084 999 1119 Flandriae
1023 1086 1096 1119 Co-

332 1136 461 1172 mitem
489 1137 597 1171 Anno
625 1136 906 1171 MCLXXXIV.
935 1134 1097 1173 testatur,

701 277 823 321 Quum
853 278 935 310 vero
964 274 1088 310 Franci
1129 277 1175 312 A*
1203 276 1301 312 tandi
1331 290 1382 314 ars
1418 277 1512 315 inter
1538 277 1758 315 Christianos
1793 274 1963 313 affirmari

1204 327 1339 376 potest,
1375 338 1415 364 ut
1451 339 1526 365 tum
1564 328 1675 364 solum
1713 327 1960 376 deprehensum

1204 378 1336 423 fuerit,
1374 390 1503 427 quanta
1545 380 1714 425 pernicies
1754 392 1812 427 per
1853 377 1962 425 ipsam

1204 427 1408 465 hominibus
1436 429 1473 465 in
1511 430 1605 466 bello
1633 430 1837 465 inferretur.
1874 427 1964 463 Cer-

1204 487 1238 514 te
1263 480 1352 527 apud
1376 482 1528 517 Graecos
1555 494 1731 528 nunquam
1758 479 1960 515 intercidit.

1204 530 1436 574 Exploratum
1460 544 1598 578 quoque
1619 531 1685 574 est,
1714 533 1863 566 Francos
1885 531 1962 565 An-

1203 592 1249 614 no
1279 582 1424 615 DCCC.
1454 583 1549 615 Arcu
1578 583 1610 615 8<
1642 558 1785 628 Stigittis
1816 578 1961 629 pugnas-

1203 628 1256 668 se,
1284 630 1336 664 uti
1362 630 1548 665 Ermoldus
1572 631 1734 677 Nigcllus
1755 631 1836 666 Lib.
1859 630 1959 675 prim.

1170 714 1172 730 3
1203 679 1244 713 de
1272 679 1361 714 Gest.
1391 680 1568 716 Ludovici
1599 680 1677 724 Pii,
1705 683 1796 716 Part.
1817 683 1862 717 ΙΙ.
1884 682 1960 717 To-

1203 728 1254 764 mi
1293 731 1337 765 11.
1369 731 1448 766 Rer.
1485 730 1639 766 Italicar.
1676 730 1816 767 scribit.
1855 733 1961 766 Anno

1203 793 1342 828 quoque
1360 782 1697 818 DCCCLXXXVI.
1715 781 1857 818 eandem
1880 794 1962 817 con-

1204 830 1420 867 suetudinem
1450 832 1492 867 ab
1520 831 1598 881 ipsis
1626 833 1795 869 servatam
1827 832 1962 868 indicat

1204 883 1309 918 Abbo
1337 883 1534 919 Monachus
1564 882 1645 919 Lib.
1675 883 1776 929 prim.
1805 883 1845 919 de
1874 884 1961 918 Bell.

1204 931 1309 968 Paris.
1346 933 1435 981 apud
1475 933 1745 970 Du—Chesnium
1780 935 1900 969 Tomo
1929 945 1960 968 z.

1203 983 1368 1029 Scriptor.
1388 986 1507 1020 Franc.
1525 984 1714 1021 Mathildis
1733 997 1870 1033 quoque
1891 986 1963 1019 Co-

1205 1033 1333 1069 mitiffa
1371 1036 1478 1069 Anno
1517 1037 1694 1072 MCXlV.
1730 1036 1783 1071 uti
1823 1034 1961 1070 Donizo

1203 1084 1349 1123 scribit,
1387 1085 1428 1120 ad
1458 1085 1672 1122 obsidionem
1701 1088 1871 1121 Mantuae
1899 1085 1961 1120 du-

1174 1157 1176 1180 Ι
1202 1135 1257 1171 xit
1279 1135 1420 1179 scutatas
1443 1146 1576 1183 gentes,
1605 1137 1652 1176 ἄρ’
1677 1137 1903 1180 arcitenentes,
1932 1135 1960 1171 i-

334 1186 500 1236 ignotum
535 1186 579 1222 iis
607 1185 728 1221 diebus
757 1185 853 1221 fuisse
884 1188 1097 1221 Francorum
1133 1185 1165 1220 C
1202 1185 1269 1221 dest
1299 1186 1525 1234 Sagittarios.
1563 1189 1609 1222 Et
1647 1186 1862 1233 praecedenti
1905 1188 1962 1222 Se-

335 1238 435 1287 genti
464 1236 659 1280 Balistarum
687 1236 804 1272 usum.

330 1312 334 1315 ’
386 1313 597 1361 francigenis
624 1312 734 1354 noslris
761 1311 828 1346 illis
856 1312 965 1358 ignota
990 1312 1100 1346 diebus

335 1362 338 1365 ’
384 1367 451 1398 Res
493 1373 561 1397 erat
596 1362 750 1406 omnino,
790 1362 869 1408 quid
904 1361 1099 1403 Baltstarius

488 1418 595 1449 Arcus
616 1440 624 1455 ,

385 1464 480 1512 Quid
513 1464 641 1506 Balifta
671 1463 779 1507 foret:
814 1476 866 1498 nec
900 1462 1034 1498 habebat
1065 1463 1097 1497 in

489 1515 614 1562 agmine
640 1523 702 1548 toto

387 1568 461 1602 Rex
486 1565 584 1600 armis
612 1576 815 1611 quemquam,
845 1564 939 1609 sciret
965 1564 1021 1611 qui
1047 1573 1097 1598 ta—

488 1614 576 1649 libus
603 1614 652 1647 uti
667 1639 676 1649 .

336 1692 433 1728 Tum
463 1690 545 1727 Lib.
572 1692 616 1724 V.
647 1688 822 1724 Richardo
848 1688 1001 1747 Angliae
1030 1691 1097 1724 Re-

337 1742 374 1791 gi
396 1741 524 1776 tribuit
545 1752 718 1775 armorum
741 1739 940 1787 ejusmodi
932 1753 968 1775 in
992 1742 1097 1776 Fran

336 1792 430 1828 ciam
467 1791 646 1828 invectum
676 1789 801 1834 usum,
839 1800 962 1838 utpote
990 1790 1050 1838 qui
1079 1804 1097 1826 a

337 1842 468 1879 Turcis
509 1841 545 1878 in
584 1841 732 1876 Oriente
769 1840 971 1885 didicerat,
1012 1841 1096 1888 quid

337 1893 504 1930 successus
531 1905 568 1928 ea
597 1892 762 1927 haberent
791 1891 827 1926 in
856 1890 986 1927 hostes.

386 1973 428 2005 Ut
458 1968 528 2064 quis
540 1966 747 2015 francigenis
773 1967 917 2010 Baltstae
948 1968 1097 2014 primitus

485 2033 506 2055 u
523 2032 574 2054 um

382 2068 660 2119 Tradidit,1'pse
688 2068 744 2115 sui
769 2081 832 2106 rem
864 2068 1016 2114 primitus
1042 2084 1092 2105 ex·
1131 2093 1155 2126 E

481 2131 649 2169 perlatur.

331 2198 380 2233 Et
402 2195 487 2231 haec
511 2195 652 2244 quidem
681 2194 905 2243 excogitata,
931 2204 971 2231 ut
997 2195 1089 2231 caus-

331 2247 367 2283 sa
403 2246 523 2292 aliqua
557 2260 627 2283 non
670 2246 856 2294 spernenda
898 2246 1060 2281 afferatur
1082 2272 1089 2285 ‚

331 2310 394 2333 cur
430 2298 538 2332 Anno
577 2299 822 2333 Mcxxxtx.
863 2298 1089 2332 Innocentius

328 2349 378 2383 11.
405 2346 545 2382 Balistas
570 2348 603 2382 8<
626 2349 739 2383 Arcus
763 2361 781 2384 e
806 2346 1087 2388 Christianorum

279 2394 289 2445 J
330 2398 426 2435 bello
455 2396 618 2433 arcendos
646 2398 809 2434 duxerit.

383 2449 516 2484 Verum
554 2461 597 2483 ne
633 2447 677 2483 fic
712 2449 854 2506 quidem
892 2448 1088 2498 acquiescat

328 2499 465 2535 animus
489 2512 567 2534 vera
595 2497 831 2548 inquirenti53
861 2514 972 2549 neque
992 2500 1086 2536 enim

323 2551 436 2596 Anno
461 2551 709 2590 mcxxxix
724 2549 824 2589 ade-o
858 2564 950 2590 nova
980 2551 1087 2602 sagit

1202 1238 1282 1272 culo
1312 1239 1372 1272 Xl.
1401 1237 1589 1274 Gaufridus
1616 1239 1802 1274 Martellus
1831 1239 1959 1273 Comes

1203 1287 1460 1335 Andegavenfis
1497 1288 1532 1323 in
1573 1289 1666 1324 bello
1704 1297 1824 1324 contra
1857 1287 1962 1323 Guil-

1202 1339 1347 1372 lelmum
1389 1338 1612 1374 PiEtavorum
1652 1341 1812 1382 Ducem,
1849 1339 1960 1385 sagit·
1994 1336 1995 1339 ¹

1203 1388 1319 1426 ramos,
1341 1386 1386 1424 &
1412 1388 1530 1433 pedites
1548 1389 1622 1432 suot
1648 1389 1834 1428 ordinavit,
1858 1398 1898 1424 ut
1919 1389 1962 1424 est
2005 1395 2007 1398 ⁴

1203 1436 1240 1472 in
1263 1436 1392 1473 Histor.
1413 1437 1557 1473 Consul.
1579 1438 1760 1496 Andegav.
1781 1439 1870 1488 apud
1894 1441 1962 1474 Da-
2009 1438 2011 1441 ’

1205 1487 1472 1523 cherium.1ta
1511 1489 1670 1536 Sugerius
1708 1490 1745 1524 in
1775 1489 1861 1525 Vita
1888 1491 1963 1526 Lu-

1203 1537 1323 1573 dovici
1353 1538 1467 1574 Groffi
1496 1541 1707 1575 francorum
1740 1539 1846 1587 Regis
1875 1541 1961 1587 Cap.

1207 1590 1260 1624 18.
1301 1587 1341 1622 ad
1380 1590 1525 1623 Annum
1563 1591 1721 1625 MCXV.
1759 1590 1832 1636 ejus
1871 1590 1962 1626 bella

1203 1638 1418 1678 describens,
1447 1639 1540 1674 inter
1566 1651 1678 1676 cetera
1707 1651 1962 1676 commemorat

1202 1690 1400 1735 Sagittarum
1438 1691 1591 1724 imbrem:
1628 1692 1660 1726 ἃ
1689 1689 1777 1738 Cap.
1809 1703 1866 1727 20.
1896 1695 1978 1726 Ba·‘
2006 1689 2011 1727 s
2048 1709 2052 1713 ·

2022 1751 2025 1766 l

1202 1740 1392 1781 miseriorum
1421 1741 1464 1774 &⁰
1491 1742 1737 1787 Sagittariorum
1774 1741 1963 1777 meminit.

1204 1790 1310 1838 Apud
1345 1791 1452 1826 Italos
1488 1804 1628 1839 quoque
1664 1792 1782 1829 eadem
1821 1791 1963 1827 consue-

1204 1842 1289 1875 tudo
1329 1851 1424 1876 erat.
1466 1842 1695 1878 Landulnhus
1733 1842 1846 1878 senior
1884 1844 1963 1877 Me-

1204 1890 1432 1934 diolanensis‚
1457 1893 1553 1939 cujus
1576 1892 1765 1928 Historiam
1786 1892 1864 1928 dedi
1887 1894 1963 1928 To-

1205 1955 1262 1976 mo
1287 1944 1349 1977 IV.
1375 1919 1451 1977 Re'r.
1480 1943 1629 1978 italicar.
1655 1943 1759 1979 deser
1767 1944 1849 1978 bens
1874 1942 1962 1978 obfi-

1204 1993 1344 2028 dionem
1367 1992 1566 2030 Mediolani
1587 1995 1691 2028 Anno
1712 1995 1962 2029 Mxxxvm.

1205 2057 1222 2077 a
1250 2044 1414 2078 Conrado
1440 2043 1555 2079 Salico
1583 2044 1738 2087 Augusto
1763 2044 1899 2080 sinistris
1928 2057 1963 2080 a·

1206 2094 1306 2129 vibus
1335 2093 1528 2140 pernetam,
1552 2104 1627 2131 tum
1654 2096 1861 2135 Germanis,
1887 2104 1963 2129 tum

1205 2143 1524 2180 Mediolanensibus
1551 2145 1696 2192 sagittas
1723 2145 1760 2181 in
1792 2144 1851 2181 usu
1880 2144 1964 2180 fuis—

1206 2194 1237 2230 se
1274 2195 1412 2230 tradit.
1452 2198 1560 2230 Anno
1597 2209 1736 2244 quoque
1773 2197 1966 2232 MLxxx.
2032 2216 2034 2223 ν

2028 2227 2031 2239 v

1206 2245 1388 2280 commisso
1425 2245 1660 2281 crudelissimo
1700 2248 1834 2294 proelio
1874 2246 1967 2281 inter
2026 2242 2035 2266 ⁴*
2066 2251 2084 2255 ’“

1206 2295 1400 2331 Henricum
1427 2296 1490 2329 IV.
1518 2298 1645 2343 Regem
1673 2310 1711 2331 ac
1739 2296 1966 2344 Rodulphum

1207 2349 1333 2393 Regem
1349 2372 1360 2390 ,
1377 2345 1508 2392 sagittis
1531 2345 1745 2394 poriffimum
1768 2346 1866 2382 auRa
1890 2359 1967 2382 cae—

1205 2397 1262 2432 des
1288 2396 1378 2439 fuit,
1406 2397 1458 2431 uti
1485 2395 1577 2432 idem
1605 2396 1799 2432 Historicus
1826 2395 1966 2432 scribit.

1207 2450 1260 2482 Ita
1298 2448 1402 2481 Falco
1440 2448 1705 2482 Beneventanus
1746 2446 1785 2481 ad
1820 2448 1968 2482 Annum

1207 2499 1452 2534 MCXXXIV.
1487 2498 1681 2544 sagittarios
1721 2507 1893 2533 memorat
1929 2496 1968 2532 in

1206 2549 1364 2587 exercitu
1391 2547 1538 2597 Roberti
1578 2547 1751 2597 Principis
1782 2546 1969 2593 capuani.

1826 2600 1916 2635 Poe-

2072 2470 2146 2478 ἐν
