2206 3131
227 182 279 210 21

165 223 232 260 rici
260 223 473 268 Whartoni‚
510 237 598 272 quae
639 222 690 259 ita
719 223 750 259 se
779 224 928 259 habent:

165 276 387 314 aminarum,
417 274 490 316 sve
524 276 748 322 stragularum
790 284 932 309 texturae

167 339 226 360 non
251 327 404 372 pauculae
435 325 625 372 purpureis,
668 326 762 360 immo
797 325 933 366 diversis

166 376 298 410 colorum
324 376 538 411 varzetatibus
570 375 696 420 fucatae
729 377 811 410 inter
836 377 933 420 densa

159 424 292 470 filorum
313 427 452 468 stamina
479 427 561 460 ultro
588 426 720 473 citroque
744 430 931 465 decurrant,

167 475 214 515 Θ
240 480 326 512 Arte
353 478 520 512 Plumaria
546 491 631 512 omne
652 479 838 512 Textrinum
858 489 931 524 onus

166 527 302 568 diversis
325 528 501 574 Imaginum
517 528 728 564 Thoraciculis
746 540 931 574 perornent.

169 580 301 613 Verum
331 578 564 614 fontaninius
592 578 789 627 oppofitum
829 580 929 627 plane

168 628 283 667 vidit,
322 642 359 664 ac
402 629 614 665 Aldhelmus
651 629 853 679 scripserit·

170 680 385 715 Whartonus
426 679 616 716 lefflionem
658 680 759 716 illam
797 693 868 714 non
895 694 928 715 e-

171 730 373 772 mendavit,
396 729 449 765 sed
471 744 594 778 corrup
599 731 648 766 it.
676 733 810 779 Aperta
834 744 930 765 mens

168 780 213 815 est
241 780 446 819 Aldhelmi,
476 745 594 825 solamp
607 781 814 827 Virginitatt‘s
839 792 927 824 prae—

170 832 350 877 requivam
371 831 441 872 fine
467 842 527 865 cete
531 845 634 866 rarum
652 831 836 878 adjumento
857 832 928 865 Via·-

169 894 271 915 tutum
317 895 377 915 non
420 881 511 926 Juffi
505 895 563 916 ere
602 884 646 916 ad
692 883 786 928 perse
786 881 929 922 ‘'lioncm,

170 943 274 980 atque
301 945 386 980 opus
415 933 500 975 effe,
529 943 563 966 ut
591 933 776 966 ηιιίεὶγηοαὲ
796 934 927 967 manda-

169 994 270 1017 tmum
296 983 454 1017 varietate
472 986 612 1017 decenter
627 985 804 1018 decoretur.
833 985 927 1018 Tum

167 1034 368 1080 exemplum
397 1033 507 1068 adfert
536 1033 624 1068 telae
659 1033 807 1067 Cor-tinae
825 1060 833 1074 ,
861 1032 929 1068 five

167 1084 365 1130 stragulae,
394 1083 490 1132 cujus
518 1093 592 1118 erat
620 1083 696 1119 usus
725 1084 928 1132 praecipuus

168 1134 207 1169 in
235 1134 451 1169 ornamentis
480 1135 736 1181 Templorum,
765 1133 802 1170 &
824 1134 927 1169 sacris

168 1184 307 1231 aliquot
336 1184 504 1219 vestibus:
535 1185 698 1232 inquiens
727 1163 835 1233 iplam
857 1198 927 1219 non

169 1235 281 1270 solum
320 1248 379 1282 per
421 1233 518 1270 varia
559 1236 643 1270 licia
671 1249 689 1271 a
731 1236 928 1271 textoribus

168 1286 266 1321 varia
293 1287 464 1320 Colorum
495 1285 669 1321 venustate
696 1286 844 1324 confici,
874 1286 953 1321 sed

169 1337 276 1371 etiam
308 1338 396 1370 Arte
425 1337 592 1369 Plumaria'
619 1335 760 1370 diversis
798 1337 926 1383 Imagi-

170 1399 254 1420 num
284 1386 504 1420 Thoracibus
542 1385 706 1431 (scudetti
742 1398 832 1420 nunc
868 1399 929 1420 nos

170 1436 444 1492 appellaremus,
475 1434 513 1470 δὲ
541 1437 672 1481 Clypeos
699 1435 806 1471 etiam
835 1436 925 1470 anti

167 1486 228 1533 qui
257 1486 530 1532 nuncuparunt)
560 1486 757 1531 perornari.
788 1488 880 1521 Nam
906 1485 927 1519 fi

166 1535 316 1593 uniformi
342 1536 435 1569 colore
462 1536 531 1569 tela
560 1535 790 1571 conficeretur
807 1563 816 1578 ,
858 1549 928 1570 non

167 1586 261 1622 tanti
288 1584 542 1625 aestimaretur,
579 1599 691 1633 neque
719 1596 790 1621 tam
821 1599 928 1621 venu-

167 1637 214 1672 sta
240 1637 273 1671 8<
303 1646 399 1685 grata
427 1635 644 1671 intuentium
683 1638 797 1671 oculis
824 1650 928 1684 appa—

166 1698 276 1723 reret.
325 1686 490 1722 sanetum
537 1686 797 1733 Hieronymum
851 1701 929 1734 prae

167 1737 281 1774 oculis
309 1737 432 1772 habuit
459 1736 692 1781 Aldhelmus‚
722 1737 927 1773 scribentem

168 1788 206 1824 in
235 1787 376 1835 Epistol.
404 1788 444 1823 de
472 1787 639 1823 Castitate
659 1787 843 1823 servanda:
874 1792 928 1823 A·

164 1839 253 1882 stitit
280 1839 408 1885 Regina
434 1853 455 1873 a
480 1839 600 1873 dextris
640 1838 707 1883 ejus
745 1839 778 1873 in
812 1838 929 1881 vestitu

167 1892 318 1925 deaurato
344 1889 536 1924 circumdata
553 1889 737 1924 varietate:
762 1903 824 1936 qua
844 1889 931 1931 vesle

169 1940 331 1986 Polymitd
357 1939 371 1985 (
400 1939 481 1974 idest
510 1941 687 1975 variorum
716 1941 888 1975 Colorum
917 1941 929 1987 )

171 1992 213 2024 (9‘
240 1991 410 2024 multarum
436 1991 593 2024 virtutum
633 1989 825 2031 adversitate
860 2004 930 2024 con-

170 2042 258 2075 textd
287 2041 418 2074 indutus
453 2041 522 2083 fuit
550 2039 596 2077 &¹
616 2041 761 2084 joseph,
790 2039 835 2077 &⁴
863 2044 930 2074 Re-

165 2104 243 2138 gum
270 2096 424 2137 quondam
449 2091 619 2123 utebantur
642 2089 753 2131 filiae.
792 2089 931 2126 Addere

168 2141 238 2176 hoc
282 2140 391 2176 etiam
437 2140 564 2175 liceat.
616 2140 832 2176 VVhartonus
869 2154 931 2188 pro

168 2191 392 2238 stragularum
411 2201 555 2230 textura,
577 2190 638 2231 nisi
656 2191 845 2236 panniculae
860 2190 931 2228 &c.

168 2242 258 2290 legit
294 2241 518 2285 stragularum
554 2251 695 2275 texturae
723 2255 782 2275 non
815 2253 932 2287 paucu-

168 2293 220 2326 lae
255 2292 322 2325 &aa
366 2293 520 2332 Repeto:
564 2290 594 2326 is
637 2304 759 2327 verum
799 2291 931 2327 sensum

170 2340 358 2388 scriptoris
396 2340 571 2385 vitiavit,
608 2341 702 2389 quod
742 2355 813 2377 non
851 2342 933 2377 satis

172 2391 483 2432 animadverterit.
511 2405 599 2439 quae
628 2405 723 2427 mens
751 2391 843 2426 foret
864 2393 931 2427 Al-

171 2441 325 2483 dhelmi,
354 2443 385 2476 8<
415 2442 498 2489 quid
527 2441 737 2490 fignificaret
762 2442 849 2490 apud
872 2455 931 2477 ve-

171 2500 260 2528 teres
289 2505 359 2528 vox
381 2493 599 2533 Panniculae,
625 2492 716 2533 five,
745 2501 783 2528 ut
804 2491 931 2529 restius

495 164 863 209 DISSERTATJO
909 160 1377 218 VJGESJMAQJNC
1390 165 1491 207 TA.

965 224 1000 258 A
1039 221 1165 268 loquar
1192 221 1386 259 Paniculae,
1414 221 1469 258 seu
1497 221 1701 258 Pmnuczlae

1687 178 1738 206 22

1741 221 1803 258 ffi-

1039 273 1142 305 dorus
1181 270 1265 307 Lib.
1309 283 1364 319 19
1394 275 1480 322 Cap.
1525 283 1582 329 293
1617 275 1802 319 Famulae,

1039 320 1187 368 inquit,
1214 321 1338 362 diHae,
1375 328 1455 369 quod
1489 338 1526 361 ex
1551 323 1594 358 iis
1626 326 1729 369 panni
1756 335 1803 358 te-

1039 382 1182 407 xantur:
1221 372 1305 418 ipsae
1342 375 1425 408 enim
1463 376 1642 420 diſsurrunt
1675 386 1731 419 per
1757 387 1803 410 te-

1038 423 1123 457 lam.
1154 423 1294 458 Nonius
1323 427 1429 461 vero:
1468 429 1579 463 Panus
1605 438 1724 463 tramae
1752 430 1805 462 in-

1039 474 1224 517 volucrum,
1269 487 1359 520 quem
1400 478 1594 513 diminutive
1630 480 1805 515 Panuclam

1038 536 1205 558 vocamus.
1241 525 1304 559 Sed
1343 538 1506 564 neutrum
1545 529 1595 565 sat
1631 530 1803 579 exprimit

1040 573 1331 622 fignificationem
1370 581 1547 614 Panuclae.
1586 583 1706 629 Quare
1742 594 1803 616 au-

1038 625 1186 660 diendus
1224 626 1406 663 Salmasius
1446 630 1483 665 in
1524 633 1632 668 Notis
1673 633 1714 668 ad
1740 633 1804 675 Ju-

1012 675 1128 711 'lium
1157 674 1407 725 Capitolinum
1438 693 1513 730 pag.
1539 694 1620 729 127.
1646 684 1706 720 ubi
1726 682 1799 720 ait'

1040 728 1228 762 Panaetium
1260 729 1400 775 glomum
1439 731 1494 778 effe
1525 734 1715 776 suotemim's
1749 745 1805 767 ra-

1039 777 1073 810 eii
1065 790 1091 810 0
1108 778 1238 811 textorio
1258 780 1460 817 involutum.
1491 785 1627 832 Nempe
1648 786 1801 827 Glomus,

1041 827 1166 863 Tulcis
1213 828 1257 864 est
1307 833 1482 877 Gomitolo‚
1541 835 1802 872 [Mutinensibus

1040 876 1240 924 Gomiffello:
1279 891 1466 930 utrumque
1503 886 1545 920 ab
1581 886 1657 932 ipso
1693 889 1804 922 Glomo

1040 928 1257 965 diminutive
1297 935 1541 980 progenitum:
1595 936 1632 973 δὲ
1674 939 1805 973 Radius

1041 980 1141 1013 nobis
1170 980 1214 1014 est
1242 982 1276 1014 la
1302 985 1400 1028 Spola
1426 983 1493 1020 five
1530 989 1672 1030 Quota,
1715 1003 1802 1037 quae

1041 1030 1135 1063 ultro
1164 1030 1324 1077 citroque
1351 1032 1525 1074 decurrit,
1558 1038 1593 1072 ὅ(
1621 1036 1803 1075 subtemen

1041 1079 1175 1114 stamini
1220 1081 1362 1117 inierit.
1404 1087 1529 1119 Rast'os
1567 1099 1671 1123 acutos
1712 1092 1802 1126 Ovi-

966 1125 1014 1163 C
1040 1130 1118 1165 dius
1156 1143 1327 1167 memorat
1364 1135 1404 1169 ad
1443 1137 1548 1171 telam
1593 1141 1802 1176 texendam.

1011 1173 1014 1223 Ι
1044 1181 1133 1216 Vide
1164 1184 1207 1215 1)·
1214 1182 1449 1220 ffertationem
1483 1190 1649 1225 XXXIII.
1670 1192 1711 1227 ad
1741 1205 1803 1228 vo-

1010 1227 1014 1310 Ι
1041 1244 1116 1266 cem
1145 1235 1204 1266 Pm
1197 1234 1276 1272 nia,
1319 1237 1403 1282 quid
1432 1237 1472 1272 de
1499 1241 1597 1284 spola
1623 1241 1802 1277 dixerim.

1044 1283 1096 1316 Ita
1140 1283 1259 1317 Plinio
1299 1285 1380 1320 teste
1420 1288 1573 1322 Panicum
1599 1305 1619 1324 a
1644 1293 1804 1335 paniculis

1042 1332 1184 1370 cli-Tum,
1213 1333 1278 1368 hoc
1300 1334 1365 1378 est,
1394 1349 1412 1371 a
1435 1338 1553 1373 culmo
1575 1339 1705 1377 fruetus
1726 1342 1776 1378 sui
1791 1371 1801 1387 ,

1045 1395 1146 1428 quem
1184 1383 1295 1419 adhuc
1337 1398 1401 1421 nos
1436 1390 1611 1424 Panocchia
1647 1394 1802 1440 appella-

1046 1445 1140 1467 mus:
1178 1433 1270 1469 unde
1307 1437 1480 1484 conjicere
1507 1439 1615 1485 licet,
1651 1445 1800 1478 Panucu-

1043 1483 1108 1516 lam
1137 1483 1275 1530 potius,
1317 1484 1384 1521 five
1420 1491 1594 1524 Panuclam
1621 1504 1802 1541 nuncupa—

1044 1542 1119 1567 tum
1148 1532 1245 1569 fuisse
1272 1548 1320 1569 ra
1316 1550 1422 1570 ⁴emum
1447 1540 1581 1578 Panici‚
1610 1544 1713 1589 qubm
1736 1548 1803 1578 Pa-

1043 1596 1090 1616 m
1083 1584 1178 1618 lam
1217 1584 1313 1620 Inter
1359 1589 1400 1621 Pa>
1397 1590 1544 1625 nuclam
1577 1593 1725 1634 panici,
1767 1597 1802 1630 δε

1046 1635 1233 1669 Panuclam
1263 1637 1452 1673 textor-iam
1490 1641 1711 1680 intercessisse
1748 1645 1804 1681 vi-

1041 1683 1143 1719 detur
1167 1685 1287 1732 aliqua
1315 1687 1533 1726 fimilitudoz
1573 1706 1680 1752 quum
1711 1695 1804 1731 simi-

1043 1734 1087 1769 lis
1115 1734 1252 1771 fortaffe
1280 1736 1353 1772 fulo
1382 1738 1464 1775 haec
1501 1741 1612 1788 foret,
1652 1746 1690 1780 in
1732 1760 1803 1793 quo

1042 1785 1244 1821 involvitur
1263 1786 1441 1824 subtemen
1462 1791 1712 1832 intexendum.
1737 1800 1804 1833 Re-

1039 1835 1096 1870 <ste
1118 1846 1297 1884 propterea
1321 1839 1473 1887 Papias
1463 1854 1498 1876 1n
1522 1845 1699 1881 Glossario
1719 1846 1804 1884 scri-

1040 1886 1115 1921 bit:
1147 1890 1277 1931 Pauus,
1305 1890 1427 1936 lignum
1454 1892 1487 1925 in
1514 1907 1572 1939 quo
1599 1906 1703 1931 trama
1723 1912 1803 1932 com-

1038 1938 1202 1983 ponitur;
1236 1940 1468 1976 diminutivum
1508 1944 1581 1979 haec
1629 1950 1804 1984 panuclae

1040 1986 1096 2022 sed
1138 2000 1209 2023 non
1252 1989 1365 2030 reete,
1407 1991 1489 2027 dum
1531 1995 1604 2039 ait,
1642 1996 1722 2033 ideo
1749 2001 1804 2033 di-

1040 2038 1149 2080 (lum
1176 2041 1258 2086 quoi
1283 2054 1316 2075 eo
1340 2043 1443 2085 panni
1467 2054 1635 2082 texantur.
1676 2052 1803 2084 Panue-

1038 2089 1118 2123 lium
1146 2090 1236 2138 apud
1265 2090 1431 2127 Isidorum
1471 2094 1609 2143 legebat
1649 2100 1804 2148 Scaliger

1038 2138 1076 2174 in
1106 2140 1214 2175 Notis
1242 2141 1282 2176 ad
1314 2144 1528 2180 Varronem.
1557 2147 1620 2182 Sed
1650 2148 1801 2185 scriben-

1037 2189 1120 2224 dum
1171 2190 1223 2226 ibi
1263 2194 1462 2234 Panucliae,
1516 2198 1572 2232 vel
1620 2201 1728 2234 Panu:
1720 2202 1800 2238 lae.

1038 2242 1121 2275 Non
1150 2254 1233 2290 ergo
1260 2245 1507 2292 expungendae
1533 2258 1634 2283 erant
1673 2251 1801 2288 Whar-

1037 2299 1123 2327 tono
1161 2293 1324 2326 Panuclae
1363 2306 1406 2329 ex
1450 2305 1548 2332 textu
1593 2300 1801 2347 Aldhelrni,

1035 2354 1147 2388 neque
1175 2341 1410 2380 substituenda
1439 2358 1508 2382 vox
1540 2351 1728 2394 Pauculae‚·
1762 2354 1799 2387 δε

1032 2392 1109 2431 Ntfi
1135 2391 1357 2429 retinendum
1385 2405 1483 2436 erat,
1512 2398 1621 2434 senlui
1650 2402 1800 2437 necessa-

1032 2441 1147 2477 rium.
1190 2440 1359 2479 Ceterum
1402 2459 1444 2481 ex
1480 2447 1584 2494 ipsius
1612 2450 1798 2489 Aldhelmi

1032 2492 1148 2527 verbis
1168 2493 1304 2530 elucere
1324 2495 1484 2540 videtur,
1503 2498 1700 2535 Plumariam
1722 2507 1797 2537 Ar-

1084 2543 1113 2578 B
1168 2555 1189 2579 2
1684 2561 1746 2586 tem
