2206 3131
385 218 440 258 75
690 203 1101 263 ANTJQJJJT.
1145 202 1383 249 MEDII
1421 203 1601 250 AEVI
1841 209 1901 261 76

324 261 357 296 al
379 264 425 295 eri
471 259 549 303 pedi

322 313 396 346 lum
417 339 424 352 ,
458 310 526 347 sive
556 312 681 348 hastam
710 323 856 362 utraque
885 329 1005 351 manus
1034 329 1083 351 re—

324 362 403 409 εἰς
433 372 492 397 aut
520 362 541 397 si
571 364 789 401 brevioribus
817 375 988 411 utuntur,
1028 379 1085 402 eos

322 410 424 447 tibiis
452 413 620 462 alligant.
664 414 790 451 Infima
830 430 905 462 pars
933 416 1022 452 ferro
1050 430 1086 452 a·

323 475 507 499 cuminato
536 464 672 500 munita
701 467 882 515 vestigium
901 495 911 508 ,
946 481 988 502 ne
1015 468 1086 503 ela-

325 513 448 556 batur,
476 514 601 550 fortius
630 515 710 564 figit
736 517 836 552 humi
865 531 961 553 more
983 519 1084 554 bacu-

324 565 439 599 lorum
461 593 469 606 ,
498 579 584 613 quos
614 568 872 615 peregrinantes
899 567 1084 604 deferunt.

323 616 404 651 Hac
431 625 505 651 arte
532 616 568 651 in
598 619 741 653 modum
770 620 876 654 etiarn
905 632 1083 654 enormem

323 666 450 701 statura
487 666 644 703 hominis
686 670 802 718 augeri
841 668 929 705 solet
956 683 995 705 ac
1025 683 1084 717 po-

319 716 404 755 test‚
432 715 469 752 &
501 718 578 754 viae
606 719 760 763 lutosae,
788 719 950 768 ipsaeque
977 721 1082 756 etiam
1122 719 1148 753 B

320 775 442 803 tenues
471 767 660 805 fluviorum
700 784 808 818 aquae
845 772 959 807 illotis
989 771 1085 820 pedi-

321 817 385 853 bus
406 818 628 867 superantur.
658 822 971 858 Bacchanaliorum
995 832 1084 858 tem-

320 881 404 916 pore
455 870 529 906 vidi
576 885 640 920 ego
667 872 857 919 aliquoties
895 874 1085 908 nonnullos

319 919 358 954 in
389 920 483 955 Urbe
512 921 622 956 nostra
652 922 850 965 personatos
880 936 939 963 per
959 923 1084 971 hippo-

320 970 510 1015 dromum,
552 985 632 1007 curn
673 972 844 1018 ejusmodi
898 974 1084 1010 altioribus

322 1021 432 1068 palis,
460 1021 529 1057 sive
556 1024 680 1057 Zancbi
708 1023 773 1058 huc
801 1024 888 1059 illuc
915 1025 1084 1059 obambu-

321 1071 454 1107 lantes.
499 1075 533 1107 A
577 1073 792 1110 Florentinis
832 1076 998 1118 Trampoli
1025 1089 1082 1123 ap—

320 1123 526 1172 pellantur3
567 1125 600 1158 &
653 1125 769 1160 nullus
796 1124 945 1161 fortaffis
974 1128 1084 1161 Euro-

320 1185 384 1221 pae
415 1175 567 1223 Populus
595 1174 658 1211 hac
686 1185 758 1210 arte
784 1188 895 1212 caret.
925 1178 1083 1213 La-Cer—

320 1223 363 1258 da
392 1223 429 1259 in
459 1225 643 1261 Adversar.
666 1228 754 1262 <aen
776 1229 861 1275 Cap.
886 1239 967 1263 112.
988 1241 1083 1263 num.

325 1276 380 1309 18!
411 1277 543 1318 Zama,
582 1286 644 1311 aut
680 1279 817 1323 nga,
857 1289 917 1313 aut
946 1283 1084 1326 Tzanga

317 1326 521 1359 calceamenti
542 1339 640 1372 genus
669 1327 733 1361 effe
759 1328 831 1362 ait.
859 1329 954 1363 Turn
981 1328 1082 1364 [fido-

317 1388 395 1410 rum
425 1376 570 1415 laudat,
600 1376 654 1412 cui
681 1380 800 1424 Zanga
824 1379 919 1421 pellis
944 1379 1081 1415 dicitur.

319 1426 436 1462 Addit
464 1428 567 1462 verba
595 1428 742 1464 Codicis
762 1428 1020 1473 Theodofiani‚
1047 1431 1081 1465 &

314 1476 467 1524 denique
494 1477 636 1514 statuit:
683 1482 768 1513 Haec
807 1492 862 1513 nos
895 1482 1013 1513 ducunt
1038 1482 1083 1515 ad

316 1528 461 1568 rusticum
482 1529 744 1563 calceamentum:
764 1543 815 1563 nec
833 1529 981 1574 diffimile
995 1536 1082 1576 apud

317 1578 477 1624 Hispanos
512 1578 579 1621 est,
620 1581 703 1626 quod
742 1593 823 1614 nunc
849 1582 975 1615 Zancas
1000 1582 1080 1616 dici-

317 1640 393 1663 tur.
422 1629 481 1671 Est
506 1640 610 1664 autem
638 1645 658 1665 a
685 1631 764 1665 Palo
789 1632 878 1675 apud
907 1633 1078 1673 nostrates.

317 1679 380 1714 Sed
420 1679 449 1714 is
486 1680 673 1716 domestica
711 1681 911 1730 ignoravit.
955 1684 1079 1730 Neque

315 1730 411 1764 enim
442 1730 609 1775 Hispanis
629 1734 752 1767 Zancas
771 1732 817 1767 est
837 1733 1079 1770 Calceamenti

317 1793 448 1829 genus,
498 1781 553 1816 sed
597 1785 726 1822 Zanw,
777 1791 816 1818 ut
864 1783 1078 1831 loquuntur,

314 1831 409 1866 idem
436 1831 487 1868 eis
512 1831 560 1867 est
588 1846 625 1868 ac
655 1832 865 1869 Lombardis
885 1833 1076 1870 artificium

313 1894 425 1928 nuper
463 1882 675 1931 descriptum
722 1884 764 1919 ad
806 1886 1075 1932 comparandam

314 1933 458 1980 pedibus
479 1931 518 1969 ἃ
537 1934 674 1982 corpori
701 1934 968 1983 proceritatem.
999 1938 1075 1971 Au-

312 1983 346 2017 di
376 1985 617 2019 Covaruviam
651 1985 688 2020 in
719 1984 886 2022 Thesaur.
913 1986 1075 2034 Linguae

311 2033 499 2070 Castellan.
536 2038 673 2079 Zama,
715 2049 759 2070 un
795 2037 876 2072 Palo
916 2038 983 2071 alto
1021 2052 1073 2072 con

311 2098 376 2118 una
415 2086 595 2131 horquilla‚
645 2088 749 2121 dende
786 2087 868 2133 haze
904 2088 1018 2132 fuerza
1044 2090 1074 2122 el

305 2136 383 2181 pie.
423 2135 551 2176 D'elios
587 2137 664 2181 usan
704 2151 742 2171 en
768 2138 819 2173 las
844 2139 976 2183 aldeas,
1016 2150 1074 2186 por

307 2187 410 2219 donde
434 2185 522 2231 paffa
540 2188 639 2233 algun
659 2202 769 2235 arroyo
792 2200 990 2237 perquenno,
1016 2201 1073 2234 por

307 2237 356 2270 las
382 2247 484 2280 parte·
503 2263 514 2276 ,
541 2248 596 2281 por
619 2240 720 2272 donde
747 2253 786 2273 no
811 2241 914 2274 tienen
938 2251 1069 2287 puente-

308 2287 433 2331 zaetas.
460 2287 557 2322 Tum
586 2288 701 2336 pergit
729 2289 955 2331 confirmare,
982 2304 1071 2339 quae

308 2336 407 2372 dixi.
436 2339 562 2384 Neque
591 2339 733 2374 Latinis
752 2342 908 2389 antiquis
928 2341 1070 2377 defuisse

307 2386 399 2422 hunc
428 2388 524 2424 usum
544 2412 554 2427 ‚
582 2389 709 2425 Sextus
737 2391 924 2441 pompejus
955 2392 1070 2429 festus

305 2437 463 2474 indicare
491 2439 631 2474 videtur
660 2439 830 2477 scribens:
875 2444 1070 2480 Grallatores

304 2489 552 2534 appellabantur
596 2492 813 2531 Pantomimi,
855 2494 910 2539 qui
959 2506 996 2530 ut
1036 2495 1069 2528 in

298 2539 473 2585 saltatione
499 2541 701 2577 imitarentur
724 2544 938 2592 Aegipanas,
977 2545 1070 2593 adje—

594 270 754 309 paratur.
798 265 998 312 Utrumque
1028 278 1085 312 pa—
1120 265 1166 301 A
1192 263 1252 298 &is
1286 263 1413 310 perticis
1442 264 1585 309 furculas
1612 261 1822 303 habentibus,
1863 273 1957 310 atque

1193 314 1225 348 in
1266 315 1318 349 his
1352 315 1578 360 superstantes,
1628 316 1672 351 ad
1710 314 1957 356 similitudinem

1191 377 1313 400 crurum
1352 367 1421 412 ejus
1444 371 1571 414 generis
1594 365 1848 414 gradiebantur,
1889 364 1957 399 μή·

1192 429 1249 461 que
1292 427 1417 461 propter
1470 417 1692 463 difficultatem
1741 415 1922 458 consistendi
1945 439 1957 452 ·

1193 466 1333 502 Nonius
1361 469 1571 504 Marcellus:
1601 469 1754 508 Grallae,
1782 467 1855 506 ait,
1876 466 1956 511 sum

1187 516 1304 559 fustes,
1337 517 1407 562 quis
1434 519 1618 553 innituntur
1644 520 1862 556 Grallatores,
1899 516 1956 564 qui

1186 569 1384 612 gradiuntur
1408 568 1555 611 Grallr's,
1592 582 1671 614 quae
1708 569 1786 613 sunt
1818 568 1955 613 perticae

1190 617 1332 663 ligneae.
1364 618 1506 653 Plautus
1533 618 1571 654 in
1601 620 1780 664 Poenulo,
1806 616 1890 655 Aa.
1919 629 1954 665 3·

1191 668 1288 702 Scen.
1306 667 1409 715 prim.

1240 771 1379 804 Cervum
1405 769 1492 815 cursu
1519 770 1685 817 duceres,
1713 769 1761 810 θ’
1787 769 1954 806 Grallau-

1341 834 1403 855 rem
1427 824 1552 869 gradu.

1190 921 1244 955 Ita
1270 920 1364 957 enim
1395 922 1577 971 legendum
1597 948 1607 963 ,
1636 936 1706 959 non
1737 924 1952 966 clavatorem,

1189 980 1229 1006 ut
1255 971 1386 1007 habent
1411 973 1497 1008 editi
1528 975 1656 1010 Libri.
1687 977 1825 1011 Locum
1854 985 1952 1021 prae-

1189 1031 1281 1057 terea
1320 1024 1488 1059 Varronis
1518 1026 1657 1061 Nonius
1694 1025 1730 1061 in
1759 1024 1848 1060 hanc
1875 1034 1949 1059 rem

1187 1072 1331 1108 laudat.
1362 1076 1483 1122 ltaque
1509 1077 1641 1110 Grallae
1668 1075 1762 1111 fuere
1793 1087 1882 1109 crura
1908 1073 1953 1107 lt'·

1183 1136 1289 1169 gnea,
1318 1123 1372 1159 seu
1403 1127 1576 1169 perticae,
1605 1126 1731 1174 quibus
1759 1135 1891 1161 veteres
1911 1121 1951 1160 ὃ(

1117 1180 1163 1229 (ζΙ
1187 1172 1249 1221 ipsi
1277 1172 1357 1209 sunt
1384 1175 1457 1219 usi,
1499 1186 1603 1224 atque
1644 1177 1738 1212 idem
1779 1175 1874 1212 fuere
1909 1185 1949 1209 ac

1187 1223 1291 1259 nostri
1331 1227 1457 1261 Zanchi
1496 1226 1533 1262 ἃ
1578 1227 1749 1277 Hispani.
1790 1229 1821 1262 A
1867 1237 1950 1261 vero

1188 1276 1333 1322 proinde
1378 1289 1448 1311 non
1497 1278 1660 1314 abhorret
1684 1306 1695 1322 ,
1740 1282 1951 1324 Tzangarum

1187 1325 1331 1360 nomine
1367 1336 1428 1362 aut
1462 1331 1594 1363 Gratias
1630 1338 1787 1364 veterum
1817 1325 1949 1376 signifi-

1185 1375 1282 1413 cari,
1309 1385 1370 1410 aut
1398 1376 1519 1412 saltem
1546 1391 1664 1413 ocreas
1692 1378 1870 1414 calceosve
1896 1377 1949 1413 ita

1185 1425 1417 1473 compositos,
1453 1438 1493 1462 ut
1530 1429 1571 1463 ad
1604 1428 1710 1464 instar
1736 1429 1948 1472 Graltarum,

1186 1476 1441 1523 proceriorem,
1469 1479 1573 1526 quam
1604 1492 1664 1526 par
1689 1480 1793 1522 effet,
1830 1478 1949 1515 homi-

1185 1538 1264 1561 nem
1293 1526 1495 1563 efficerent:
1539 1529 1632 1576 quod
1673 1529 1710 1565 in
1747 1529 1842 1565 Urbe
1867 1541 1947 1565 om-

1185 1576 1271 1611 nino
1298 1577 1461 1614 indecens
1488 1578 1601 1614 visum
1628 1578 1756 1616 fuerit.
1792 1581 1828 1615 A
1855 1580 1947 1615 Tre-

1185 1626 1295 1662 bellio
1325 1628 1486 1664 Pollione
1514 1629 1694 1666 Historico
1735 1630 1772 1666 in
1800 1628 1946 1666 Claudii

1185 1677 1271 1713 Vita
1298 1691 1369 1714 non
1397 1683 1571 1727 Tzangae‚
1613 1681 1667 1716 sed
1707 1681 1856 1717 Zanchae
1885 1694 1946 1728 ap-

1185 1729 1381 1776 pellantur,
1410 1733 1583 1766 vocabulo
1610 1745 1688 1768 cum
1721 1732 1858 1780 Lingua
1882 1744 1947 1767 no-

1182 1778 1245 1814 stra
1272 1781 1458 1817 concordi.
1501 1782 1617 1819 Gallis
1659 1782 1817 1827 Eschaffes
1846 1781 1944 1817 voci-

1182 1838 1302 1866 tantur
1322 1831 1492 1880 ejusmodi
1514 1833 1643 1869 hastae.
1671 1835 1724 1869 Ex
1746 1833 1800 1868 his
1822 1835 1943 1868 Meur-

1181 1880 1266 1917 fium
1318 1881 1358 1918 in
1406 1883 1583 1920 Gloffario
1633 1884 1941 1919 Graeco-Barbare

1179 1932 1338 1981 corrige,
1375 1933 1435 1969 ubi
1472 1934 1615 1971 scribit:
1652 1942 1788 1983 Τζκγγὶς
1809 1959 1820 1974 ,
1848 1934 1943 1969 Itali·

1178 1996 1246 2018 cum
1279 1985 1405 2023 Zunco,
1445 1985 1597 2027 sinister.
1629 1988 1810 2033 Pe1peram
1842 1994 1943 2029 puta·

1180 2033 1235 2069 vit
1261 2034 1354 2070 idem
1384 2036 1485 2071 nobis
1511 2036 1577 2072 effe
1603 2040 1719 2072 stanco
1744 2033 1783 2071 &
1809 2038 1940 2072 Zanco.

1098 2087 1142 2121 ⁵E
1181 2084 1296 2124 Dixi,
1331 2098 1350 2120 a
1378 2086 1596 2122 Florentinis
1623 2087 1793 2134 appellari
1825 2090 1940 2121 Tram-

1174 2136 1265 2182 poli,
1300 2149 1388 2183 quos
1415 2138 1610 2174 Lornbardi
1637 2136 1676 2174 &
1711 2136 1861 2185 Hispani
1888 2137 1943 2172 d-i-

1178 2195 1263 2222 cunt
1287 2187 1432 2223 Zanchi.
1460 2189 1646 2236 Menagius
1669 2189 1829 2223 Gallicus
1848 2187 1943 2223 Scri—

1180 2247 1278 2284 ptor‚
1325 2236 1416 2273 mihi
1467 2237 1565 2284 saepe
1616 2240 1861 2273 memorandus
1902 2238 1939 2274 in

1181 2287 1489 2324 Differtationibus
1520 2290 1667 2323 xxxll.
1693 2289 1726 2324 ἃ
1771 2291 1941 2325 xxxin.

1177 2342 1215 2374 de
1247 2338 1380 2386 Origine
1420 2339 1566 2386 Linguae
1608 2340 1762 2383 Italicae,
1802 2341 1844 2373 (9⁶
1872 2343 1942 2375 Voc.

1179 2390 1318 2426 Italicar.
1355 2389 1498 2426 scribit:
1536 2390 1738 2435 Trampam'‚
1774 2391 1942 2435 Pianelle,

1176 2455 1254 2477 come
1279 2443 1405 2487 quando
1426 2441 1457 2482 fi
1482 2443 1581 2475 dice:
1618 2443 1675 2474 Voi
1703 2441 1772 2475 aete
1797 2442 1880 2485 polio
1903 2442 1942 2486 su

1176 2494 1188 2528 i
1217 2493 1392 2538 Trampam'
1402 2505 1422 2534 ;
1446 2502 1502 2536 per
1526 2493 1620 2526 dire:
1649 2493 1706 2526 Voi
1728 2491 1943 2536 m’inganna-

1176 2554 1229 2583 te,
1252 2543 1424 2588 facendom'
1447 2544 1503 2578 del
1516 2543 1660 2591 grande.
1687 2542 1781 2580 Heic
1801 2542 1940 2579 fortasse

1814 2605 1889 2631 non
