2206 3131
387 225 440 266 ¹15
645 207 1094 266 ANTIQUJT.
1143 204 1406 248 MEDJJ
1447 203 1639 247 ΛΕΜ
1842 211 1904 249 ‘16

321 281 422 315 quam
455 280 519 317 ego
546 266 710 303 indicasse
737 269 874 303 tantum
912 267 993 303 satis
1021 267 1081 302 ha-

322 322 408 363 beo,
429 332 536 355 unum
559 332 754 355 memorans
770 344 780 359 ‚
797 332 839 354 ne
863 318 981 354 Plinio
1002 318 1081 364 qui-

319 369 400 405 dem
427 370 569 419 ignotos
598 369 696 406 fuiffe
724 372 869 406 Vermes
888 397 898 413 ‚
928 370 1082 414 Bomby·

319 434 374 456 ces
403 422 621 470 appellatos,
663 433 706 456 ex
748 434 899 469 quorum
922 419 1082 467 ,opificio

317 474 408 508 telae
436 485 564 521 magno
591 479 756 520 emptae,
784 470 823 507 &
852 470 1001 507 maximi
1032 469 1081 505 fa-

319 522 418 561 fiae,
448 531 741 558 contexerentur.
785 522 877 558 Vide
905 522 938 557 la
966 519 1081 557 Cerda

318 574 357 610 in
376 573 597 623 Vergilium,
618 572 819 609 Salmafium
840 573 878 609 in
899 572 1058 608 Solinum
1074 599 1082 614 ,

321 634 359 661 ut
396 625 592 673 complures
634 623 723 660 alios
763 624 860 659 viros
895 622 1016 658 do&os
1044 636 1082 657 ea

320 676 361 711 de
406 688 442 711 re
489 676 657 724 loquutos
704 684 940 724 praeteream.
991 673 1082 708 Illud

319 725 427 762 etiam
470 735 569 762 extra
616 725 888 762 controversiam
933 723 1082 774 positum

321 777 392 821 est,
432 775 578 813 florente
621 780 860 813 Romanorum
903 774 1083 824 Imperio,

321 830 449 864 Artem
478 828 586 864 Serici
615 828 803 877 gignendi,
832 838 937 876 atque
962 836 1085 862 texen-

319 878 377 924 di,
424 878 520 915 Indis
563 879 755 919 duntaxat,
805 878 843 915 &
890 877 1085 914 Sinenfibus

321 930 528 979 praecipue,
557 940 594 966 ut
621 930 841 979 conjetsturae
861 929 1000 973 ferunt,
1021 942 1085 963 no-

320 990 394 1016 tam
423 980 542 1016 fuiffe.
586 983 705 1028 Quare
735 994 974 1028 quaecumque
1005 979 1084 1015 seri—

321 1045 380 1067 cae
409 1033 522 1075 telae,
551 1030 620 1068 five
648 1031 754 1067 vestes
783 1040 866 1066 tunc
895 1044 913 1066 a
941 1030 1084 1065 Graecis

323 1081 361 1118 ὅ(
390 1082 560 1118 Romanis
587 1082 768 1130 usurpatae
797 1081 875 1117 sunt
894 1109 903 1125 ,
946 1095 989 1117 ex
1017 1094 1085 1116 una

322 1133 424 1169 India
453 1147 512 1181 per
541 1133 687 1168 Perfiam
708 1132 987 1177 advehebantur.
1009 1134 1086 1167 Au-

322 1184 400 1220 &cor
427 1184 472 1219 est
500 1184 691 1232 Procopius
728 1184 811 1220 Lib.
839 1197 874 1230 4.
913 1185 1000 1230 Cap.
1031 1194 1086 1229 17.

324 1235 366 1270 de
394 1235 496 1270 Bello
523 1235 680 1271 Gothico
709 1234 769 1270 sub
795 1233 988 1279 justiniano
1008 1242 1086 1268 tan-

323 1287 400 1321 tiim
422 1285 579 1333 Augusto
601 1286 753 1333 primum
774 1284 964 1320 innotuisse
979 1286 1086 1320 Grae-

325 1336 375 1372 cis
398 1335 608 1371 conficiendi
630 1335 739 1371 Serici
762 1336 958 1377 rationem,
979 1347 1086 1381 quum

326 1386 500 1422 Monachi
528 1386 671 1433 quidam
700 1399 768 1421 ova
805 1386 1016 1431 bombycum
1045 1398 1087 1419 ex

327 1437 428 1473 India
450 1437 798 1485 Constantinopolim
819 1434 1034 1478 detulerint,
1051 1433 1088 1470 &

326 1487 532 1524 methodum
577 1501 616 1524 ea
664 1486 830 1527 fovendi,
873 1500 912 1522 ac
955 1499 1089 1522 vermes

327 1538 410 1575 inde
437 1547 537 1574 natos
565 1538 680 1574 alendi
701 1563 712 1578 ‚
739 1539 773 1573 δε
802 1550 844 1573 ex
873 1550 993 1573 eorum
1020 1537 1088 1572 cel-

328 1591 412 1625 lulis
441 1589 499 1625 fila
528 1588 635 1625 serica
662 1588 830 1625 educendi
858 1587 1088 1624 tradiderint.

329 1641 447 1677 Habes
476 1640 574 1676 illius
602 1640 706 1676 verba
734 1641 840 1675 Torn.
865 1641 892 1674 Ι.
919 1640 998 1674 Rer.
1020 1640 1090 1673 Ita-

330 1692 474 1727 licarum
493 1718 502 1726 .
530 1691 636 1739 Apud
665 1693 816 1726 Graecos
844 1689 996 1733 exinde,
1025 1688 1091 1724 hoc

331 1742 401 1782 est,
431 1742 501 1789 post
529 1745 674 1778 Annum
702 1740 832 1777 Christi
873 1742 951 1777 DL.
982 1739 1091 1775 confi-

332 1793 447 1828 ciendi
477 1793 584 1829 Serici
613 1795 682 1828 Ars
710 1791 888 1828 invaluit.
930 1791 994 1827 Sed
1022 1804 1092 1838 quo

333 1853 491 1892 tempore
533 1858 550 1879 a
579 1843 722 1879 Graecis
759 1842 796 1878 in
825 1840 967 1877 Italiam
996 1851 1092 1876 tran—

333 1896 420 1930 slata
449 1895 532 1930 haec
560 1894 691 1934 fuerit,
734 1893 857 1935 nulla,
898 1901 938 1928 ut
980 1900 1092 1940 puto,

334 1954 561 1981 monumenta
582 1959 644 1981 nos
669 1945 815 1980 docent.
844 1942 994 1979 Invenio
1015 1942 1092 1990 qui-

333 1997 411 2032 dem
439 1997 477 2032 in
513 1995 716 2045 Capitulari
753 1994 795 2030 de
832 1994 942 2029 Villis
970 1993 1093 2030 Caroli

334 2047 486 2095 Magni,
529 2049 562 2082 ὃ(
602 2047 638 2082 in
675 2045 857 2081 Breviario
890 2057 1006 2080 rerum
1035 2043 1093 2079 Fi-

335 2097 479 2133 scalium
508 2098 658 2146 ejuldem
686 2096 855 2145 Augusti,
897 2095 994 2131 edito
1036 2108 1095 2142 per

334 2148 528 2185 Eccardum
542 2176 552 2191 ‚
573 2148 730 2183 Morarios
744 2175 754 2192 ,
779 2146 914 2182 scilicet
935 2146 1094 2189 arbores,

337 2212 429 2235 nunc
467 2199 568 2234 nobis
609 2200 720 2241 Mori,
761 2197 875 2233 Gallis
913 2196 1095 2231 Meuriers.

337 2249 402 2286 Sed
430 2249 579 2285 minime
606 2249 740 2297 liquet,
782 2261 825 2284 an
851 2261 971 2284 eorum
999 2246 1096 2282 foliis

337 2301 533 2346 Bombyces
561 2301 754 2336 alerentur.

390 2351 495 2397 Quod
517 2364 608 2387 nunc
630 2364 708 2400 prae
729 2349 851 2385 ceteris
877 2348 1097 2386 animadver-

338 2412 453 2438 tamus
481 2402 613 2445 velim-‚
655 2402 692 2437 in
722 2400 938 2448 praecedenti
968 2400 1097 2436 Differ-

338 2452 476 2488 tatione
504 2452 716 2489 Ricobaldus
745 2450 889 2486 Italicos
913 2451 1014 2487 nobis
1039 2450 1097 2485 de-

338 2502 471 2551 scripfit
521 2503 627 2551 usque
676 2504 717 2539 ad
767 2502 921 2538 medium
976 2504 1098 2538 Saecu-

341 2555 415 2592 lum
445 2556 545 2591 xm.
571 2555 669 2591 tanta
696 2553 947 2603 temperantia,
976 2566 1018 2589 ne
1045 2551 1098 2588 di-

1115 266 1166 300 Αῑ
1195 277 1273 300 cam
1314 263 1488 303 ruditate,
1535 262 1635 308 usos,
1676 271 1718 299 ut
1752 262 1957 312 vulgaribus

1198 315 1321 364 pannis
1365 328 1403 351 ac
1439 314 1522 351 telis
1559 314 1600 350 ad
1643 313 1675 350 se
1702 313 1897 350 induendos
1924 315 1959 350 &

1195 366 1369 402 ornandos
1406 364 1589 409 contenti,
1627 367 1771 402 Luxum
1820 377 1966 402 omnem

1197 414 1455 453 aversarentur:
1503 416 1617 453 immo
1657 429 1698 452 ne
1737 425 1855 452 totum
1884 415 1966 464 qui-

1150 511 1155 512 ⁷
1199 467 1276 503 dem
1305 467 1495 504 haberent.
1538 467 1573 503 Si
1602 466 1684 503 huic
1713 466 1818 506 fides,
1855 467 1896 502 ad
1925 479 1965 503 ea

1200 517 1305 566 usque
1351 528 1509 566 tempora
1547 517 1669 554 sericas
1707 518 1834 557 vestes,
1876 517 1965 553 alia-

1201 568 1281 616 sque
1309 568 1475 617 pretiosas
1514 570 1600 604 telas
1642 569 1745 605 Italia
1774 577 1833 604 aut
1860 567 1964 617 igno-

1201 619 1310 661 rarit,
1346 628 1405 655 aut
1444 619 1588 668 Populis
1616 619 1653 655 in
1691 621 1814 655 luxum
1844 619 1964 668 pronis

1202 669 1362 706 consulto
1383 668 1587 718 reliquerit.
1609 671 1741 705 Verum
1763 683 1874 718 neque
1890 680 1966 705 tam

1202 720 1326 761 rudia,
1372 734 1484 768 neque
1535 721 1619 756 adeo
1656 719 1804 756 inimica
1840 721 1966 756 Luxus

1202 774 1403 821 excogitare
1440 772 1525 807 licet
1564 772 1685 807 Secula
1730 771 1814 807 illa.
1856 773 1964 815 Certe

1202 824 1305 872 longe
1334 833 1456 862 antea,
1492 822 1582 871 apud
1611 835 1672 858 nos
1700 835 1840 870 quoque
1858 849 1868 866 ‚
1907 818 1966 857 de-

1203 874 1365 910 licatiora
1393 874 1588 910 Textrinae
1615 872 1759 922 opificia
1787 872 1847 908 sub
1880 885 1966 908 ocu-

1203 926 1247 961 lis
1288 924 1449 960 omnium
1491 924 1624 960 versata
1653 923 1757 964 sunt,
1799 936 1837 958 ac
1866 936 1965 971 prae·

1204 976 1321 1012 sertim
1351 976 1387 1011 in
1416 974 1586 1011 sacrarum
1616 975 1753 1011 aedium
1778 986 1965 1010 ornamen-

1204 1037 1299 1062 tum.
1343 1029 1462 1062 Unum
1504 1025 1720 1062 Anastafium
1758 1024 1897 1060 consule
1925 1024 1965 1059 in

1204 1076 1301 1113 Viris
1332 1079 1570 1112 Romanorum
1595 1075 1832 1119 Pontificum,
1861 1084 1966 1122 arque

1204 1128 1254 1164 ibi
1276 1129 1455 1176 complura
1476 1127 1656 1167 invenies,
1684 1139 1833 1175 quorum
1855 1125 1966 1161 etiam

1203 1179 1347 1214 nomina
1390 1187 1473 1214 tunc
1514 1179 1623 1227 vulgo
1672 1177 1837 1226 cognita,
1873 1188 1966 1212 nunc

1204 1239 1319 1266 autem
1349 1229 1488 1265 exotica
1517 1230 1618 1276 plane
1641 1228 1962 1276 deprehendantur.

1204 1280 1369 1328 Exempli
1398 1279 1509 1328 gratia
1539 1279 1712 1314 Paschalis
1735 1281 1761 1314 Ι.
1782 1279 1868 1326 gesta
1891 1290 1968 1325 per-

1205 1344 1322 1369 curre,
1359 1331 1420 1377 qui
1457 1332 1567 1365 Anno
1612 1331 1864 1366 DCCCXVII.
1894 1330 1968 1363 Ro-

1206 1393 1346 1416 manum
1377 1379 1631 1415 Pontificatum
1668 1379 1754 1415 iniit
1770 1387 1787 1414 .“
1820 1381 1853 1414 Is
1890 1377 1968 1414 aedi

1206 1430 1410 1467 Sanfz'torum
1466 1429 1614 1466 Processi
1669 1431 1702 1465 &
1755 1427 1972 1465 Martiniani

1204 1483 1278 1517 vela
1304 1485 1342 1516 de
1365 1481 1503 1525 fundato
1528 1494 1595 1514 cum
1618 1479 1766 1527 periclyfi
1791 1480 1830 1513 de
1850 1480 1971 1514 blattin

1205 1532 1387 1576 circumsuta
1423 1530 1571 1580 largitus
1612 1530 1677 1566 est.
1721 1529 1889 1577 Peryclrfis
1933 1530 1974 1564 de

1206 1583 1323 1618 blattin
1361 1582 1405 1617 est
1443 1581 1648 1617 extremitas
1691 1580 1798 1629 (five
1831 1581 1919 1620 orto,
1947 1593 1972 1615 ὀ

1206 1633 1382 1681 conterno)
1410 1646 1452 1668 ex
1481 1633 1550 1668 tela
1579 1632 1765 1671 coccinea,
1795 1630 1862 1667 slve
1891 1642 1973 1679 pur-

1208 1698 1329 1733 purea.
1368 1682 1551 1719 Nimirum
1591 1683 1723 1718 Seculis
1765 1681 1810 1717 iis
1851 1681 1974 1717 barba-

1207 1736 1276 1778 ris,
1322 1735 1476 1776 Blattae,
1517 1733 1601 1769 idest
1642 1735 1839 1782 Purpurae,
1867 1731 1972 1776 usus,

1208 1785 1348 1833 ejusque
1390 1784 1565 1820 tinEturae
1611 1785 1682 1820 Ars
1723 1783 1863 1832 viguit,
1903 1795 1971 1830 qua

1209 1837 1318 1872 nostra
1346 1845 1504 1883 tempora
1531 1834 1691 1883 alioquin
1729 1844 1800 1870 tam
1830 1833 1973 1880 superba

1210 1897 1350 1923 carent.
1379 1886 1483 1921 Alibi
1512 1887 1600 1933 apud
1629 1885 1789 1921 eumdem
1819 1883 1974 1920 Histori-

1211 1952 1290 1974 cum
1321 1936 1493 1973 Paschalis
1523 1939 1548 1972 Ι.
1571 1937 1648 1980 fecit
1674 1937 1788 1978 vestem
1819 1937 1857 1969 cle
1884 1935 1976 1981 chry-

1206 1990 1331 2034 [octavo
1356 2002 1423 2023 cum
1449 1987 1586 2028 diversis
1612 1987 1747 2029 historiis
1775 1986 1871 2020 mirae
1908 1998 1976 2020 ma-

1208 2039 1392 2087 gnitudinis
1413 2037 1458 2076 ὠ
1479 2038 1742 2084 pulchritudinis.
1767 2035 1859 2071 Infra
1880 2035 1975 2071 idem

1214 2089 1380 2126 Pontifex
1417 2088 1533 2123 obtulit
1568 2089 1670 2123 aliam
1705 2088 1818 2130 vestem
1856 2085 1977 2132 chry-so-

1212 2143 1336 2176 clavam
1363 2154 1400 2174 ex
1425 2153 1521 2181 auro,
1559 2138 1747 2184 gemmtsque
1782 2137 1947 2180 confeHam
1963 2161 1975 2180 ,

1213 2191 1376 2228 habentem
1404 2189 1560 2231 historiam
1599 2188 1765 2234 Virginum
1792 2201 1858 2221 cum
1890 2187 1978 2231 faci-

1214 2246 1270 2279 bus
1298 2240 1426 2282 accensis
1452 2239 1582 2284 mirtfice
1610 2249 1738 2273 comtum
1754 2265 1763 2273 .
1793 2237 1870 2273 Pari
1900 2249 1979 2272 mu-

1216 2292 1397 2329 nificentia
1423 2290 1515 2326 idern
1541 2290 1616 2333 fecit
1641 2289 1756 2331 vestem
1779 2290 1817 2322 de
1835 2288 1979 2330 flaurace

1215 2344 1378 2380 habentem
1403 2354 1571 2389 pavones:
1612 2339 1658 2378 &
1698 2340 1813 2382 vestem
1840 2353 1877 2372 ex
1902 2349 1979 2372 auro

1217 2406 1359 2431 textam:
1386 2392 1432 2430 &¹
1459 2392 1675 2439 coopertorium
1702 2389 1831 2424 rubeum
1856 2390 1894 2424 de
1929 2387 1981 2433 Je-

1218 2448 1295 2481 rt'co.
1325 2443 1440 2488 Infra,
1478 2453 1516 2479 ut
1545 2443 1638 2478 idem
1676 2439 1870 2477 Anastasius
1898 2437 1983 2474 scri-

1220 2498 1294 2541 bit,
1327 2496 1402 2540 fecu‘t
1437 2496 1512 2529 vela
1548 2495 1586 2528 de
1612 2493 1787 2539 quadruplo
1823 2492 1980 2538 quinque,

1184 2551 1260 2590 {65²⁴
1302 2548 1378 2583 vela
1421 2546 1523 2596 Tyria
1558 2546 1638 2583 duo.
1685 2543 1813 2581 Rursus
1841 2543 1877 2577 in
1907 2540 1979 2577 alio

1828 2595 1937 2630 Tem-
